income_id,fiscal_date_ending,gross_profit,total_revenue,cost_of_revenue,costof_goods_and_services_sold,operating_income,selling_general_and_administrative,research_and_development,operating_expenses,investment_income_net,net_interest_income,interest_income,interest_expense,non_interest_income,other_non_operating_income,depreciation,depreciation_and_amortization,income_before_tax,income_tax_expense,interest_and_debt_expense,net_income_from_continuing_operations,comprehensive_income_net_of_tax,ebit,ebitda,net_income,symbol,sector,year,company_id,name
0,2023-12-31,107098000000,121572000000,14474000000,36762000000,23314000000,8992000000,0,15249000000,0,-4087000000,0,4087000000,0,592000000,8854000000,5482000000,20759000000,5371000000,4087000000,15107000000,16746000000,24846000000,30328000000,15388000000,CMCSA,Comunicacion,2023,0,Comcast Corp
1,2022-12-31,98141000000,121427000000,23286000000,38213000000,14041000000,9606000000,0,24044000000,0,-3896000000,0,3896000000,0,-3000000,8724000000,5097000000,9729000000,4359000000,3896000000,4925000000,1280000000,13625000000,18722000000,5370000000,CMCSA,Comunicacion,2022,0,Comcast Corp
2,2021-12-31,93805000000,116385000000,22580000000,38450000000,20817000000,8776000000,0,22580000000,0,-4281000000,0,4281000000,0,2557000000,8628000000,13804000000,19418000000,5259000000,4281000000,13834000000,13755000000,23699000000,37503000000,14159000000,CMCSA,Comunicacion,2021,0,Comcast Corp
3,2020-12-31,82763000000,103564000000,20801000000,33121000000,17493000000,7701000000,0,20978000000,0,-4588000000,0,4588000000,0,1160000000,8320000000,13100000000,13898000000,3364000000,4588000000,10701000000,11371000000,18486000000,31586000000,10534000000,CMCSA,Comunicacion,2020,0,Comcast Corp
4,2019-12-31,87188000000,108942000000,21754000000,34440000000,21125000000,8442000000,0,21754000000,0,-4567000000,4416000000,4567000000,0,438000000,8663000000,12953000000,16730000000,3673000000,4567000000,13323000000,14472000000,21297000000,34250000000,13057000000,CMCSA,Comunicacion,2019,0,Comcast Corp
5,2018-12-31,74793000000,94507000000,19714000000,29692000000,19009000000,8454000000,0,19498000000,0,-3542000000,4093000000,3542000000,0,-225000000,8281000000,11017000000,15111000000,3380000000,3542000000,11862000000,10908000000,18653000000,29670000000,11731000000,CMCSA,Comunicacion,2018,0,Comcast Corp
6,2023-12-31,14007929000,33723297000,19715368000,19715368000,6954003000,6110168000,2675758000,8785926000,0,-699826000,0,699826000,-176296000,0,0,14554384000,6205405000,797415000,699826000,5407990000,5401351000,6905231000,21508387000,5407990000,NFLX,Comunicacion,2023,1,Netflix Inc
7,2022-12-31,12447265000,31615550000,19168285000,19168285000,5632831000,5689393000,2711041000,8400434000,0,-706212000,337310000,706212000,353111000,337310000,0,14362814000,5263929000,772005000,706212000,4491924000,4315113000,5970141000,20332955000,4491924000,NFLX,Comunicacion,2022,1,Netflix Inc
8,2021-12-31,12365161000,29697844000,17332683000,17332683000,6194509000,5565767000,2273885000,5565767000,0,-765620000,411214000,765620000,430661000,411214000,0,12438779000,5840103000,723875000,765620000,5116228000,5031335000,6605723000,19044502000,5116228000,NFLX,Comunicacion,2021,1,Netflix Inc
9,2020-12-31,9719737000,24996056000,15276319000,15276319000,4585289000,4751848000,1829600000,6735848000,0,-767499000,1385940000,767499000,-533278000,-618441000,0,10922622000,3199349000,437954000,767499000,2761395000,2829314000,3966848000,15507911000,2761395000,NFLX,Comunicacion,2020,1,Netflix Inc
10,2019-12-31,7716234000,20156447000,12440213000,12440213000,2604254000,5445831000,1673000000,7118831000,0,-626023000,84000000,626023000,45576000,84000000,0,9403826000,2062231000,195315000,626023000,1866916000,1862977000,2688254000,12008080000,1866916000,NFLX,Comunicacion,2019,1,Netflix Inc
11,2018-12-31,5826803000,15794341000,9967538000,9967538000,1605226000,4807763000,1218000000,7869871000,0,-420493000,41725000,420493000,73953000,41725000,0,7656457000,1226458000,15216000,420493000,1211242000,1212217000,1646951000,9303408000,1211242000,NFLX,Comunicacion,2018,1,Netflix Inc
12,2023-09-30,68228000000,88898000000,20670000000,59201000000,12863000000,15336000000,0,22157000000,424000000,1973000000,427000000,-1973000000,0,-73000000,3626000000,1782000000,3733000000,1379000000,-1973000000,2354000000,3181000000,1760000000,3542000000,2354000000,DIS,Comunicacion,2023,2,Walt Disney Company
13,2022-09-30,64140000000,82722000000,18582000000,54401000000,12121000000,16388000000,0,19803000000,90000000,1549000000,581000000,-1549000000,0,-4000000,3183000000,2019000000,4877000000,1732000000,-1549000000,3193000000,5466000000,3328000000,5347000000,3145000000,DIS,Comunicacion,2022,2,Walt Disney Company
14,2021-09-30,51162000000,67418000000,16256000000,45131000000,7766000000,13517000000,0,17184000000,307000000,-1546000000,-3092000000,-1546000000,0,0,3068000000,2085000000,2020000000,25000000,1546000000,2024000000,3877000000,474000000,2559000000,1995000000,DIS,Comunicacion,2021,2,Walt Disney Company
15,2020-09-30,45042000000,65388000000,20346000000,43880000000,8108000000,12369000000,0,21163000000,0,-1647000000,198000000,1647000000,65000000,0,3140000000,2242000000,-2165000000,699000000,1647000000,-2832000000,-4569000000,-518000000,1724000000,-2864000000,DIS,Comunicacion,2020,2,Walt Disney Company
16,2019-09-30,55523000000,69607000000,14047000000,57719000000,14847000000,11549000000,0,54546000000,0,-1246000000,543000000,1246000000,-511000000,0,2844000000,1323000000,14080000000,3026000000,1757000000,10441000000,8240000000,15326000000,16649000000,11054000000,DIS,Comunicacion,2019,2,Walt Disney Company
17,2023-12-31,-4061000000,38893000000,42954000000,24526000000,-1548000000,9696000000,0,18428000000,0,-2221000000,179000000,2221000000,41114000000,-12000000,1097000000,7985000000,-3910000000,-784000000,2204000000,-3079000000,-2344000000,-1689000000,6296000000,-3126000000,WBD,Comunicacion,2023,3,Warner Bros Discovery Inc
18,2022-12-31,-7428000000,34837000000,42265000000,20442000000,-7370000000,9678000000,0,21823000000,0,-1777000000,1664000000,1777000000,34081000000,347000000,957000000,7193000000,-9034000000,-1663000000,1777000000,-7297000000,-8064000000,-7257000000,-64000000,-7371000000,WBD,Comunicacion,2022,3,Warner Bros Discovery Inc
19,2021-12-31,2537000000,12787000000,10250000000,4620000000,2012000000,4016000000,0,5559000000,0,-633000000,18000000,633000000,12327000000,72000000,311000000,1582000000,1242000000,236000000,643000000,1197000000,827000000,1875000000,3457000000,1006000000,WBD,Comunicacion,2021,3,Warner Bros Discovery Inc
20,2020-12-31,2942000000,10974000000,8032000000,3860000000,2515000000,2722000000,0,4204000000,0,-648000000,10000000,648000000,10610000000,-34000000,267000000,1359000000,1592000000,373000000,735000000,1355000000,1390000000,2240000000,3599000000,1219000000,WBD,Comunicacion,2020,3,Warner Bros Discovery Inc
21,2019-12-31,3530000000,11510000000,7980000000,3819000000,3009000000,2788000000,0,4161000000,1000000,-677000000,22000000,677000000,11160000000,-8000000,207000000,1347000000,2150000000,81000000,705000000,2213000000,2062000000,2827000000,4174000000,2069000000,WBD,Comunicacion,2019,3,Warner Bros Discovery Inc
22,2018-12-31,6618000000,10553000000,3935000000,3935000000,1934000000,2620000000,0,4684000000,4000000,-729000000,15000000,729000000,10544000000,-120000000,229000000,1398000000,935000000,341000000,729000000,681000000,420000000,1664000000,3062000000,594000000,WBD,Comunicacion,2018,3,Warner Bros Discovery Inc
23,2023-12-31,48946000000,54607000000,5661000000,33405000000,12559000000,4345000000,0,33405000000,0,-5188000000,-5168000000,20000000,950000000,0,7600000000,1100000000,6150000000,1593000000,23000000,5261000000,4557000000,12559000000,7270000000,4557000000,CHTR,Comunicacion,2023,4,Charter Communications Inc
24,2022-12-31,49167000000,54022000000,4855000000,32876000000,11962000000,3809000000,0,32876000000,0,-4556000000,-4573000000,-17000000,1187000000,56000000,7600000000,1300000000,6668000000,1613000000,-14000000,5849000000,5055000000,11962000000,7951000000,5055000000,CHTR,Comunicacion,2022,4,Charter Communications Inc
25,2021-12-31,46685000000,51682000000,4997000000,27981000000,10526000000,3501000000,0,31482000000,0,-4037000000,-4060000000,-23000000,-210000000,-101000000,7700000000,1600000000,5722000000,1068000000,121000000,5320000000,4654000000,10526000000,7299000000,4654000000,CHTR,Comunicacion,2021,4,Charter Communications Inc
26,2020-12-31,42739000000,48097000000,5358000000,26548000000,8405000000,3382000000,0,29930000000,0,-3848000000,-3889000000,-41000000,-213000000,-31000000,7800000000,1900000000,3848000000,626000000,102000000,3676000000,3222000000,8405000000,5707000000,3222000000,CHTR,Comunicacion,2020,4,Charter Communications Inc
27,2019-12-31,39961000000,45764000000,5803000000,25865000000,6511000000,3359000000,0,29224000000,0,-3797000000,-3898000000,-101000000,-146000000,-135000000,7800000000,2212000000,2107000000,439000000,-76000000,1992000000,1670000000,6511000000,4218000000,1668000000,CHTR,Comunicacion,2019,4,Charter Communications Inc
28,2018-12-31,37717000000,43634000000,5917000000,27860000000,5221000000,3709000000,0,27860000000,0,-3540000000,-3847000000,-307000000,-8000000,-77000000,7900000000,2400000000,1410000000,180000000,-307000000,1506000000,1229000000,5221000000,3503000000,1230000000,CHTR,Comunicacion,2018,4,Charter Communications Inc
29,2023-06-30,17478000000,82006000000,64528000000,42760000000,18134000000,21112000000,2000000000,23728000000,307000000,-756000000,307000000,756000000,0,668000000,0,327000000,18268000000,3615000000,756000000,14738000000,14622000000,19024000000,19351000000,14653000000,PG,Consumo Basico,2023,5,Procter & Gamble Company
30,2022-06-30,17248000000,80187000000,62939000000,42157000000,17813000000,20217000000,2000000000,22697000000,51000000,-439000000,51000000,439000000,0,570000000,0,312000000,17944000000,3202000000,439000000,14793000000,16297000000,18383000000,18695000000,14742000000,PG,Consumo Basico,2022,5,Procter & Gamble Company
31,2021-06-30,17338000000,76118000000,58780000000,37108000000,17986000000,21024000000,1900000000,23556000000,45000000,-502000000,45000000,502000000,-496000000,86000000,0,318000000,17569000000,3263000000,1014000000,14352000000,16727000000,18071000000,18389000000,14306000000,PG,Consumo Basico,2021,5,Procter & Gamble Company
32,2020-06-30,14564000000,70950000000,56386000000,35250000000,15706000000,19994000000,1800000000,22943000000,155000000,-465000000,310000000,465000000,-7000000,438000000,0,360000000,15758000000,2731000000,465000000,13103000000,11798000000,16223000000,16583000000,13027000000,PG,Consumo Basico,2020,5,Procter & Gamble Company
33,2019-06-30,4384000000,67684000000,63300000000,34768000000,5487000000,19084000000,1900000000,29754000000,220000000,-509000000,220000000,509000000,678000000,871000000,0,349000000,6000000000,2103000000,509000000,3966000000,4036000000,6509000000,6858000000,3897000000,PG,Consumo Basico,2019,5,Procter & Gamble Company
34,2018-06-30,11663000000,66832000000,54493000000,34432000000,13363000000,19037000000,1900000000,21949000000,247000000,-506000000,247000000,506000000,-170000000,222000000,0,302000000,13215000000,3465000000,852000000,9861000000,9633000000,13721000000,14023000000,9750000000,PG,Consumo Basico,2018,5,Procter & Gamble Company
35,2023-12-31,27234000000,45754000000,18520000000,18520000000,11311000000,13972000000,0,15579000000,907000000,-1527000000,907000000,1527000000,-123000000,570000000,1018000000,94000000,12963000000,2249000000,1527000000,10703000000,11334000000,14490000000,14584000000,10714000000,KO,Consumo Basico,2023,6,The Coca-Cola Company
36,2022-12-31,25004000000,43004000000,18000000000,18000000000,10909000000,12880000000,0,14181000000,449000000,-882000000,1039000000,882000000,-207000000,-262000000,1125000000,120000000,11657000000,2115000000,882000000,9571000000,8977000000,12539000000,12659000000,9542000000,KO,Consumo Basico,2022,6,The Coca-Cola Company
37,2021-12-31,23298000000,38655000000,15357000000,15357000000,10308000000,12144000000,0,11790000000,276000000,-1597000000,276000000,1597000000,-574000000,2000000000,1262000000,165000000,12392000000,2621000000,2156000000,9804000000,10042000000,13989000000,14154000000,9771000000,KO,Consumo Basico,2021,6,The Coca-Cola Company
38,2020-12-31,19581000000,33014000000,13433000000,13433000000,8997000000,9731000000,0,10163000000,370000000,-1437000000,89000000,1437000000,-393000000,841000000,1301000000,203000000,9728000000,1981000000,1896000000,7768000000,6690000000,11165000000,11368000000,7747000000,KO,Consumo Basico,2020,6,The Coca-Cola Company
39,2019-12-31,22647000000,37266000000,14619000000,14619000000,10086000000,12103000000,0,13245000000,563000000,-946000000,563000000,946000000,-64000000,34000000,1208000000,120000000,10721000000,1801000000,946000000,8985000000,8754000000,11667000000,11787000000,8920000000,KO,Consumo Basico,2019,6,The Coca-Cola Company
40,2018-12-31,21233000000,34300000000,13067000000,13067000000,9152000000,11002000000,0,12267000000,682000000,-919000000,31000000,950000000,73000000,-1674000000,999000000,49000000,8183000000,1749000000,892000000,6734000000,4334000000,9133000000,9182000000,6434000000,KO,Consumo Basico,2018,6,The Coca-Cola Company
41,2023-12-31,49590000000,91471000000,41881000000,41881000000,11986000000,36677000000,804000000,40622000000,0,-819000000,0,819000000,0,0,2714000000,2873000000,11336000000,2262000000,819000000,9155000000,8842000000,12155000000,15028000000,9074000000,PEP,Consumo Basico,2023,7,PepsiCo Inc
42,2022-12-31,45816000000,86392000000,40576000000,40576000000,11512000000,34459000000,771000000,37585000000,0,-939000000,0,939000000,3321000000,0,2523000000,2685000000,10637000000,1727000000,939000000,8978000000,8506000000,11576000000,14261000000,8910000000,PEP,Consumo Basico,2022,7,PepsiCo Inc
43,2021-12-31,42399000000,79474000000,37075000000,37075000000,11162000000,31237000000,752000000,34567000000,0,-1863000000,0,1863000000,-842000000,0,2484000000,2619000000,9760000000,2142000000,2705000000,7679000000,8196000000,11623000000,14242000000,7618000000,PEP,Consumo Basico,2021,7,PepsiCo Inc
44,2020-12-31,38575000000,70372000000,31797000000,31797000000,10080000000,28453000000,719000000,32250000000,0,-1128000000,0,1128000000,0,0,2335000000,2458000000,9014000000,1894000000,1128000000,7175000000,5944000000,10142000000,12600000000,7120000000,PEP,Consumo Basico,2020,7,PepsiCo Inc
45,2019-12-31,37029000000,67161000000,30132000000,30132000000,10291000000,26738000000,711000000,30151000000,0,-1135000000,-200000000,935000000,0,200000000,2257000000,2351000000,9273000000,1959000000,1135000000,7353000000,8133000000,10208000000,12559000000,7314000000,PEP,Consumo Basico,2019,7,PepsiCo Inc
46,2018-12-31,35280000000,64661000000,29381000000,29381000000,10110000000,25170000000,680000000,28563000000,0,-1525000000,-306000000,1219000000,253000000,306000000,2241000000,2330000000,9145000000,-3370000000,1272000000,12559000000,10453000000,10364000000,12694000000,12515000000,PEP,Consumo Basico,2018,7,PepsiCo Inc
47,2023-01-31,147568000000,611289000000,463721000000,463721000000,20428000000,127140000000,0,127736000000,254000000,-1874000000,169000000,2043000000,605881000000,-1538000000,0,596000000,17404000000,5724000000,2043000000,11292000000,10028000000,20428000000,20043000000,11680000000,WMT,Consumo Basico,2023,8,Walmart Inc
48,2022-01-31,143754000000,572754000000,429000000000,429000000000,25942000000,117812000000,0,118810000000,158000000,-1836000000,70000000,1906000000,564929000000,-5410000000,0,565000000,18429000000,4756000000,4306000000,13940000000,16673000000,25942000000,20900000000,13673000000,WMT,Consumo Basico,2022,8,Walmart Inc
49,2021-01-31,138836000000,559151000000,420315000000,420315000000,22548000000,116288000000,0,125272000000,121000000,-2194000000,80000000,2274000000,546832000000,210000000,0,583000000,20368000000,6858000000,2274000000,13706000000,14549000000,22548000000,23225000000,13510000000,WMT,Consumo Basico,2021,8,Walmart Inc
50,2020-01-31,129359000000,523964000000,394605000000,394605000000,20568000000,108791000000,0,109986000000,189000000,-2410000000,158000000,2568000000,519911000000,1958000000,0,480000000,19796000000,4915000000,2568000000,15201000000,13618000000,20568000000,22844000000,14881000000,WMT,Consumo Basico,2020,8,Walmart Inc
51,2019-01-31,129104000000,514405000000,385301000000,385301000000,21957000000,107147000000,0,122675000000,217000000,-2129000000,217000000,2346000000,505479000000,-8368000000,0,10678000000,10951000000,4281000000,2346000000,6670000000,6745000000,21957000000,23975000000,6670000000,WMT,Consumo Basico,2019,8,Walmart Inc
52,2018-01-31,126947000000,500343000000,373396000000,373396000000,20437000000,106510000000,0,119746000000,152000000,-2178000000,152000000,2330000000,-3136000000,-3136000000,0,10529000000,14462000000,4600000000,5466000000,9862000000,13913000000,20437000000,27321000000,9862000000,WMT,Consumo Basico,2018,8,Walmart Inc
53,2023-09-03,7945000000,242290000000,234345000000,212586000000,8114000000,21590000000,0,21759000000,0,-160000000,339000000,160000000,242336000000,0,0,169000000,8487000000,2195000000,160000000,6292000000,6316000000,8647000000,8816000000,6292000000,COST,Consumo Basico,2023,9,Costco Wholesale Corp
54,2022-08-28,7547000000,226954000000,219407000000,199382000000,7793000000,19779000000,0,20025000000,0,-158000000,205000000,158000000,227038000000,205000000,0,128000000,7769000000,1925000000,158000000,5915000000,5158000000,7927000000,8055000000,5844000000,COST,Consumo Basico,2022,9,Costco Wholesale Corp
55,2021-08-29,6658000000,195929000000,189271000000,170684000000,6708000000,18537000000,0,18587000000,0,-171000000,74000000,171000000,195929000000,0,0,50000000,6608000000,1601000000,171000000,5079000000,5167000000,6779000000,6829000000,5007000000,COST,Consumo Basico,2021,9,Costco Wholesale Corp
56,2020-08-30,5404000000,166761000000,161357000000,144939000000,5435000000,16387000000,0,16418000000,0,-160000000,64000000,160000000,166761000000,0,0,31000000,5310000000,1308000000,160000000,4059000000,4141000000,5470000000,5501000000,4002000000,COST,Consumo Basico,2020,9,Costco Wholesale Corp
57,2019-09-01,16465000000,152703000000,136238000000,132886000000,4737000000,14994000000,0,15080000000,0,-150000000,3000000,150000000,152703000000,0,0,1492000000,4720000000,1061000000,150000000,3704000000,3422000000,4870000000,6229000000,3659000000,COST,Consumo Basico,2019,9,Costco Wholesale Corp
58,2018-09-02,4480000000,141576000000,137096000000,123152000000,4480000000,13876000000,0,13944000000,0,-159000000,61000000,159000000,141576000000,0,0,1437000000,4397000000,1263000000,159000000,3179000000,2949000000,4556000000,5917000000,3134000000,COST,Consumo Basico,2018,9,Costco Wholesale Corp
59,2023-12-31,183837000000,571668000000,387831000000,304739000000,36852000000,76486000000,85622000000,84992000000,2949000000,-3182000000,2493000000,3182000000,574850000000,938000000,30200000000,6606000000,37525000000,7100000000,3182000000,30445000000,31872000000,40707000000,47313000000,30425000000,AMZN,Consumo discrecional,2023,10,Amazon.com Inc
60,2022-12-31,139192000000,511276000000,372084000000,288831000000,12248000000,74729000000,73213000000,84853000000,989000000,-2367000000,989000000,2367000000,513643000000,-16806000000,24924000000,6704000000,-5939000000,-3217000000,2367000000,-2722000000,-5833000000,-3572000000,3132000000,-2722000000,AMZN,Consumo discrecional,2022,10,Amazon.com Inc
61,2021-12-31,126928000000,467958000000,341030000000,272344000000,24879000000,58274000000,56052000000,69686000000,448000000,-1809000000,448000000,1809000000,469767000000,14633000000,22909000000,10412000000,38155000000,4791000000,1809000000,33355000000,32168000000,39964000000,50376000000,33364000000,AMZN,Consumo discrecional,2021,10,Amazon.com Inc
62,2020-12-31,102560000000,384452000000,281892000000,233307000000,22899000000,39576000000,42740000000,49985000000,555000000,-1647000000,555000000,1647000000,386099000000,2371000000,16239000000,9009000000,24194000000,2863000000,1647000000,21331000000,22137000000,25841000000,34850000000,21331000000,AMZN,Consumo discrecional,2020,10,Amazon.com Inc
63,2019-12-31,67626000000,278902000000,211276000000,165536000000,14541000000,35081000000,35931000000,46941000000,832000000,-1600000000,832000000,1600000000,280502000000,203000000,15100000000,10659000000,13988000000,2400000000,1600000000,11588000000,11637000000,15588000000,26247000000,11588000000,AMZN,Consumo discrecional,2019,10,Amazon.com Inc
64,2018-12-31,65283000000,231264000000,165981000000,139156000000,12421000000,26350000000,28837000000,27999000000,440000000,-1417000000,440000000,1417000000,232681000000,-183000000,12138000000,475000000,11270000000,1197000000,1417000000,10073000000,9526000000,12687000000,13162000000,10073000000,AMZN,Consumo discrecional,2018,10,Amazon.com Inc
65,2023-12-31,17660000000,96773000000,79113000000,463000000,8891000000,4800000000,3969000000,8769000000,1066000000,-156000000,1066000000,156000000,96917000000,172000000,3330000000,506000000,9996000000,-5001000000,156000000,14974000000,15215000000,10152000000,10658000000,14997000000,TSLA,Consumo discrecional,2023,11,Tesla Inc
66,2022-12-31,20853000000,81462000000,60609000000,604000000,13656000000,3946000000,3075000000,7197000000,297000000,-191000000,41000000,191000000,-81000000,-43000000,2420000000,493000000,13688000000,1130000000,191000000,12587000000,12141000000,13879000000,14372000000,12556000000,TSLA,Consumo discrecional,2022,11,Tesla Inc
67,2021-12-31,13606000000,53823000000,40217000000,374000000,6523000000,4517000000,2593000000,7083000000,56000000,-371000000,56000000,371000000,-55000000,135000000,1910000000,466000000,6218000000,699000000,371000000,5644000000,5210000000,6589000000,7055000000,5519000000,TSLA,Consumo discrecional,2021,11,Tesla Inc
68,2020-12-31,6630000000,31536000000,24906000000,289000000,1994000000,3145000000,1491000000,4636000000,30000000,-748000000,30000000,748000000,-336000000,-122000000,1570000000,399000000,1013000000,292000000,853000000,862000000,1120000000,1761000000,2160000000,721000000,TSLA,Consumo discrecional,2020,11,Tesla Inc
69,2019-12-31,4069000000,24578000000,20509000000,193000000,-69000000,2646000000,1343000000,4138000000,44000000,-685000000,44000000,685000000,-98000000,45000000,1370000000,343000000,-752000000,110000000,685000000,-775000000,-890000000,-67000000,276000000,-862000000,TSLA,Consumo discrecional,2019,11,Tesla Inc
70,2018-12-31,4042000000,21461000000,17419000000,85272000,-388000000,2835000000,1460000000,4430000000,24533000,-663071000,-71000,663000000,22184879000,22000000,1110000000,66000000,-918000000,58000000,663071000,-1062582000,-1018000000,-255000000,-189000000,-976000000,TSLA,Consumo discrecional,2018,11,Tesla Inc
71,2023-01-29,52778000000,157403000000,104625000000,104625000000,24039000000,26284000000,0,28739000000,55000000,-1617000000,55000000,1617000000,157403000000,55000000,2756000000,2455000000,22477000000,5372000000,1617000000,17105000000,17091000000,24094000000,26549000000,17105000000,HD,Consumo discrecional,2023,12,Home Depot Inc
72,2022-01-30,50832000000,151157000000,100325000000,100325000000,23040000000,25406000000,0,27792000000,0,-1347000000,44000000,1347000000,151157000000,44000000,2650000000,2386000000,21737000000,5304000000,1347000000,16433000000,16400000000,23084000000,25470000000,16433000000,HD,Consumo discrecional,2022,12,Home Depot Inc
73,2021-01-31,44853000000,132110000000,87257000000,87257000000,18278000000,24447000000,0,26575000000,0,-1347000000,47000000,1347000000,132110000000,0,2425000000,2128000000,16978000000,4112000000,1347000000,12866000000,12934000000,18325000000,20453000000,12866000000,HD,Consumo discrecional,2021,12,Home Depot Inc
74,2020-02-02,37572000000,110225000000,72653000000,72653000000,15843000000,19740000000,0,21729000000,0,-1201000000,73000000,1201000000,110225000000,73000000,2223000000,1989000000,14715000000,3473000000,1201000000,11242000000,11306000000,15916000000,17905000000,11242000000,HD,Consumo discrecional,2020,12,Home Depot Inc
75,2019-02-03,37160000000,108203000000,71043000000,71043000000,15530000000,19513000000,0,21630000000,0,-1051000000,93000000,1051000000,108203000000,77000000,2076000000,1870000000,14556000000,3435000000,1051000000,11121000000,10915000000,15607000000,17477000000,11121000000,HD,Consumo discrecional,2019,12,Home Depot Inc
76,2018-01-28,34356000000,100904000000,66548000000,66548000000,14681000000,17864000000,0,19675000000,0,-1057000000,74000000,1057000000,100904000000,74000000,1983000000,1811000000,13698000000,5068000000,1057000000,8630000000,8931000000,14755000000,16566000000,8630000000,HD,Consumo discrecional,2018,12,Home Depot Inc
77,2023-12-31,20718600000,25493700000,4775100000,10931200000,11646700000,2435200000,0,4671900000,0,-1360800000,148100000,1360800000,671300000,0,1501500000,1978200000,10522200000,2053400000,1360800000,9983000000,8499400000,11883000000,13861200000,8468800000,MCD,Consumo discrecional,2023,13,McDonald’s Corporation
78,2022-12-31,18819800000,23182600000,4362800000,9975400000,9371000000,2492200000,0,5095500000,0,-1207000000,1207000000,1207000000,-195700000,-338600000,1454000000,1870600000,7825400000,1648000000,1207000000,7497600000,6264500000,9032400000,10903000000,6177400000,MCD,Consumo discrecional,2022,13,McDonald’s Corporation
79,2021-12-31,18977000000,23222900000,4245900000,10642700000,10356000000,2377800000,0,4148100000,0,-1185800000,1185800000,1185800000,97800000,-42300000,1530700000,1868100000,9127900000,1582700000,1185800000,8907700000,7558300000,10313700000,12181800000,7545200000,MCD,Consumo discrecional,2021,13,McDonald’s Corporation
80,2020-12-31,15211399973,19207800000,3996400026,9455700000,7324000000,2245000000,0,3968200026,0,-1218100000,1218100000,1218100000,28200000,34800000,1469400000,1751400000,6140700000,1410200000,1218100000,6066000000,4626400000,7358800000,9110200000,4730500000,MCD,Consumo discrecional,2020,13,McDonald’s Corporation
81,2019-12-31,17328600000,21364400000,3747900000,9961200000,9069800000,2229400000,0,3619700000,0,-1121900000,37000000,1121900000,128200000,70200000,1392200000,1617900000,8018100000,1992700000,1121900000,7301100000,6152200000,9140000000,10757900000,6025400000,MCD,Consumo discrecional,2019,13,McDonald’s Corporation
82,2018-12-31,15370800000,21257900000,5654400000,1973300000,8822600000,2200200000,0,3372300000,0,-981200000,4000000,981200000,308800000,-25300000,1302900000,1482000000,7816100000,1891800000,981200000,7057000000,5493200000,8797300000,10279300000,5924300000,MCD,Consumo discrecional,2018,13,McDonald’s Corporation
83,2023-05-31,22292000000,51430000000,45302000000,28925000000,5915000000,16377000000,0,16377000000,297000000,6000000,6000000,286000000,51430000000,280000000,703000000,703000000,6201000000,1131000000,0,5070000000,4983000000,5915000000,5915000000,5070000000,NKE,Consumo discrecional,2023,14,Nike Inc
84,2022-05-31,21479000000,46736000000,40035000000,25231000000,6675000000,14804000000,0,14804000000,0,-205000000,205000000,292000000,46736000000,181000000,717000000,717000000,6651000000,605000000,0,6046000000,6744000000,6675000000,6675000000,6046000000,NKE,Consumo discrecional,2022,14,Nike Inc
85,2021-05-31,19962000000,44676000000,37601000000,24576000000,6937000000,13025000000,0,13025000000,0,-262000000,262000000,262000000,44676000000,-14000000,744000000,744000000,6661000000,934000000,0,5727000000,5403000000,6937000000,6937000000,5727000000,NKE,Consumo discrecional,2021,14,Nike Inc
86,2020-05-31,16241000000,37380000000,34288000000,21162000000,3115000000,13126000000,0,13126000000,0,-89000000,14000000,89000000,37380000000,-139000000,721000000,1119000000,2887000000,348000000,0,2539000000,2252000000,3115000000,3115000000,2539000000,NKE,Consumo discrecional,2020,14,Nike Inc
87,2019-05-31,17474000000,38884000000,34345000000,21643000000,4772000000,12702000000,0,12702000000,0,-49000000,124000000,749000000,38884000000,78000000,705000000,720000000,4801000000,772000000,0,4029000000,4352000000,4772000000,4772000000,4029000000,NKE,Consumo discrecional,2019,14,Nike Inc
88,2018-05-31,15956000000,36496000000,31952000000,20441000000,4445000000,11511000000,0,11511000000,0,-54000000,115000000,54000000,99000000,-66000000,747000000,774000000,4325000000,2392000000,0,1933000000,2037000000,4445000000,5219000000,1933000000,NKE,Consumo discrecional,2018,14,Nike Inc
89,2023-12-31,329915000000,344582000000,14667000000,251385000000,314845000000,9919000000,879000000,15070000000,1628000000,-849000000,0,849000000,-51000000,0,0,20641000000,51439000000,15429000000,849000000,37354000000,37291000000,52288000000,74273000000,36010000000,XOM,Energia,2023,15,Exxon Mobil Corp
90,2022-12-31,402359000000,413680000000,11321000000,268502000000,390705000000,10095000000,824000000,11654000000,446000000,-798000000,10665000000,798000000,-218000000,0,0,24040000000,75916000000,20176000000,798000000,57577000000,56234000000,76714000000,102591000000,55740000000,XOM,Energia,2022,15,Exxon Mobil Corp
91,2021-12-31,273474000000,285640000000,12166000000,188936000000,261404000000,9574000000,843000000,12070000000,33000000,-947000000,5710000000,947000000,276674000000,2291000000,0,20607000000,30676000000,7636000000,947000000,23598000000,25981000000,31623000000,52788000000,23040000000,XOM,Energia,2021,15,Exxon Mobil Corp
92,2020-12-31,168484000000,181502000000,13018000000,122627000000,154366000000,10168000000,1016000000,14118000000,49000000,-1158000000,574000000,1158000000,178550000000,1196000000,0,20709000000,-28072000000,-5632000000,1158000000,-23251000000,-19652000000,-26914000000,-7016000000,-22440000000,XOM,Energia,2020,15,Exxon Mobil Corp
93,2019-12-31,251556000000,264938000000,13382000000,178431000000,238636000000,11398000000,1214000000,12920000000,84000000,-830000000,4611000000,830000000,255479000000,3914000000,0,18898000000,19622000000,5282000000,830000000,14774000000,14411000000,20452000000,34443000000,14340000000,XOM,Energia,2019,15,Exxon Mobil Corp
94,2018-12-31,266471000000,290212000000,12861000000,190752000000,253021000000,11480000000,1116000000,13450000000,64000000,-766000000,6589000000,766000000,-138000000,3525000000,0,18045000000,30372000000,9532000000,766000000,21421000000,17577000000,31138000000,41312000000,20840000000,XOM,Energia,2018,15,Exxon Mobil Corp
95,2023-12-31,74034000000,200949000000,126915000000,119196000000,45006000000,4141000000,320000000,28890000000,0,-617000000,0,617000000,195968000000,0,0,17326000000,29542000000,8173000000,617000000,26542000000,21207000000,30159000000,45635000000,21369000000,CVX,Energia,2023,16,Chevron Corp
96,2022-12-31,94159000000,246252000000,152093000000,145416000000,65133000000,4312000000,268000000,28476000000,0,-630000000,8069000000,630000000,235812000000,0,0,16300000000,49531000000,14066000000,630000000,44193000000,36556000000,50161000000,66490000000,35465000000,CVX,Energia,2022,16,Chevron Corp
97,2021-12-31,66745000000,162465000000,95720000000,92249000000,42005000000,4014000000,268000000,23719000000,0,-775000000,4945000000,775000000,155579000000,0,0,17013000000,21575000000,5950000000,1035000000,21346000000,17348000000,22350000000,40276000000,15625000000,CVX,Energia,2021,16,Chevron Corp
98,2020-12-31,34340000000,94692000000,60352000000,52148000000,9804000000,4213000000,435000000,23776000000,0,-735000000,1169000000,735000000,94652000000,0,0,17192000000,-7435000000,-1892000000,735000000,-6033000000,-6165000000,-6700000000,10996000000,-5543000000,CVX,Energia,2020,16,Chevron Corp
99,2019-12-31,49790000000,146516000000,96726000000,80113000000,24262000000,4143000000,500000000,24161000000,0,-817000000,2860000000,817000000,140650000000,0,0,18593000000,5615000000,2691000000,817000000,6813000000,1478000000,6432000000,35534000000,2924000000,CVX,Energia,2019,16,Chevron Corp
100,2018-12-31,65320000000,166339000000,101019000000,94578000000,40938000000,3838000000,453000000,23763000000,0,-921000000,5684000000,921000000,159508000000,0,0,19371000000,20539000000,5715000000,921000000,21187000000,15431000000,21460000000,40723000000,14824000000,CVX,Energia,2018,16,Chevron Corp
101,2023-12-31,32978000000,56141000000,23163000000,21975000000,25065000000,705000000,81000000,8170000000,412000000,-924000000,412000000,924000000,48731000000,-2000000,0,180000000,16288000000,5331000000,780000000,10957000000,11284000000,17212000000,17392000000,10957000000,COP,Energia,2023,17,ConocoPhillips
102,2022-12-31,43436000000,78494000000,35058000000,33971000000,36311000000,623000000,71000000,6552000000,195000000,-909000000,1376000000,909000000,62284000000,47000000,0,189000000,28228000000,9548000000,805000000,18680000000,17630000000,29137000000,29326000000,18680000000,COP,Energia,2022,17,ConocoPhillips
103,2021-12-31,28306000000,45828000000,20043000000,18158000000,23096000000,719000000,62000000,5927000000,33000000,-970000000,1010000000,970000000,46466000000,-102000000,0,148000000,12712000000,4633000000,884000000,8079000000,8347000000,13682000000,13830000000,8079000000,COP,Energia,2021,17,ConocoPhillips
104,2020-12-31,9520000000,18784000000,9736000000,8078000000,4746000000,430000000,75000000,4225000000,100000000,-913000000,302000000,913000000,19651000000,-13000000,0,163000000,-3186000000,-485000000,806000000,-2655000000,-2562000000,-2273000000,-2110000000,-2701000000,COP,Energia,2020,17,ConocoPhillips
105,2019-12-31,23442000000,36670000000,13228000000,11842000000,17564000000,556000000,82000000,3912000000,166000000,-851000000,166000000,851000000,35010000000,1358000000,0,99000000,9456000000,2267000000,778000000,7257000000,7935000000,10307000000,10406000000,7189000000,COP,Energia,2019,17,ConocoPhillips
106,2018-12-31,23652000000,38727000000,15075000000,14294000000,18038000000,401000000,78000000,4551000000,97000000,-802000000,97000000,802000000,37573000000,173000000,0,5956000000,9925000000,3668000000,735000000,6305000000,5654000000,10727000000,15964000000,6257000000,COP,Energia,2018,17,ConocoPhillips
107,2023-12-31,31909000000,32632000000,723000000,26572000000,6523000000,364000000,711000000,1452000000,100000000,-503000000,92000000,503000000,33135000000,0,1445000000,314000000,5210000000,1007000000,503000000,4275000000,3804000000,5713000000,6027000000,4203000000,SLB,Energia,2023,18,Schlumberger NV
108,2022-12-31,27031000000,27708000000,677000000,22930000000,5011000000,376000000,634000000,1365000000,99000000,-490000000,120000000,490000000,28198000000,610000000,1368000000,301000000,4220000000,779000000,479000000,3492000000,3156000000,4710000000,5011000000,3441000000,SLB,Energia,2022,18,Schlumberger NV
109,2021-12-31,21749000000,22390000000,641000000,19271000000,3365000000,339000000,554000000,1242000000,33000000,-539000000,148000000,539000000,22929000000,148000000,1402000000,302000000,2327000000,446000000,539000000,1928000000,3195000000,2866000000,3168000000,1881000000,SLB,Energia,2021,18,Schlumberger NV
110,2020-12-31,22406000000,23142000000,736000000,21000000000,2401000000,365000000,580000000,1270000000,33000000,-563000000,163000000,563000000,23705000000,267000000,1625000000,371000000,-11330000000,-812000000,563000000,-10486000000,-10964000000,-10767000000,-10396000000,-10518000000,SLB,Energia,2020,18,Schlumberger NV
111,2019-12-31,21978000000,32308000000,10330000000,28720000000,3978000000,474000000,717000000,10642000000,41000000,-609000000,41000000,609000000,32917000000,86000000,2000000000,618000000,-10448000000,-311000000,609000000,-10107000000,-9953000000,-9839000000,-9221000000,-10137000000,SLB,Energia,2019,18,Schlumberger NV
112,2018-12-31,30903000000,32455000000,1552000000,28478000000,4187000000,444000000,702000000,1619000000,60000000,-575000000,60000000,575000000,33030000000,364000000,2100000000,673000000,2585000000,447000000,575000000,2177000000,1899000000,3160000000,3833000000,2138000000,SLB,Energia,2018,18,Schlumberger NV
113,2023-12-31,23258000000,24186000000,928000000,8783000000,9603000000,640000000,0,1014000000,240000000,-148000000,240000000,148000000,818000000,234000000,0,33000000,9689000000,2095000000,148000000,7594000000,7593000000,9837000000,9870000000,7594000000,EOG,Energia,2023,19,EOG Resources Inc
114,2022-12-31,24671000000,25702000000,1031000000,5494000000,9966000000,570000000,0,1116000000,85000000,-179000000,179000000,179000000,-3982000000,114000000,0,36000000,9901000000,2142000000,179000000,7759000000,7763000000,10080000000,10116000000,7759000000,EOG,Energia,2022,19,EOG Resources Inc
115,2021-12-31,17672000000,18642000000,970000000,5345000000,6102000000,511000000,154000000,1107000000,3000000,-178000000,178000000,178000000,-1152000000,9000000,0,39000000,5933000000,1269000000,178000000,4664000000,4664000000,6111000000,6150000000,4664000000,EOG,Energia,2021,19,EOG Resources Inc
116,2020-12-31,8380362000,11032000000,2651686000,4922938000,-544000000,483823000,42000000,2844357000,11739000,-205266000,-266000,205000000,1145000000,10000000,0,21000000,-739000000,-134000000,205266000,-604572000,-612248000,-534000000,-513000000,-605000000,EOG,Energia,2020,19,EOG Resources Inc
117,2019-12-31,16316218000,17380000000,1063755000,5595799000,3699000000,489397000,0,1080023000,26026000,-185129000,-129000,185000000,2000000,31000000,0,13000000,3545000000,810000000,185129000,2734910000,2731349000,3730000000,3743000000,2735000000,EOG,Energia,2019,19,EOG Resources Inc
118,2018-12-31,16464787000,17275399000,810612000,5155059000,4469346000,426969000,0,784611000,11546000,-245052000,245052000,245052000,-7000000,16704000,0,3435408000,4240998000,821958000,245052000,3419040000,3436979000,4486050000,8259557000,3419040000,EOG,Energia,2018,19,EOG Resources Inc
119,2023-12-31,362485000000,364482000000,1997000000,241286000000,360144000000,6037000000,0,2341000000,0,-5003000000,14284000000,5003000000,257604000000,0,0,1828000000,119242000000,23019000000,5003000000,97147000000,97512000000,124245000000,126073000000,96223000000,BRK-B,Finanzas,2023,20,Berkshire Hathaway Inc
120,2022-12-31,300732000000,302020000000,1357000000,124319000000,299090000000,5550000000,0,1642000000,0,-4352000000,66036000000,4352000000,205716000000,0,8457000000,1233000000,-31337000000,-8502000000,4352000000,-22058000000,-19688000000,-26985000000,-25752000000,-22759000000,BRK-B,Finanzas,2022,20,Berkshire Hathaway Inc
121,2021-12-31,274754000000,276203000000,1340000000,114138000000,273061000000,4201000000,0,1693000000,0,-4172000000,7465000000,4172000000,193215000000,79537000000,8308000000,1252000000,110674000000,20879000000,4172000000,90807000000,90011000000,114846000000,116098000000,89795000000,BRK-B,Finanzas,2021,20,Berkshire Hathaway Inc
122,2020-12-31,234023000000,245579000000,11487000000,101091000000,222713000000,3520000000,0,11310000000,0,-4083000000,8092000000,4083000000,152697000000,41472000000,8119000000,1277000000,54961000000,12440000000,4083000000,43253000000,43521000000,59044000000,60321000000,42521000000,BRK-B,Finanzas,2020,20,Berkshire Hathaway Inc
123,2019-12-31,253299000000,254616000000,1317000000,107041000000,251982000000,4003000000,0,1317000000,0,-3961000000,9240000000,3961000000,179581000000,73783000000,7566000000,1317000000,102321000000,20904000000,3961000000,81792000000,81189000000,106282000000,107599000000,81417000000,BRK-B,Finanzas,2019,20,Berkshire Hathaway Inc
124,2018-12-31,244795000000,247837000000,3042000000,106083000000,241753000000,1649000000,0,3042000000,0,-3853000000,7678000000,3853000000,175436000000,-24622000000,7284000000,1393000000,3700000000,-321000000,3853000000,4322000000,1810000000,7553000000,8946000000,4021000000,BRK-B,Finanzas,2018,20,Berkshire Hathaway Inc
125,2023-12-31,61612000000,158104000000,96492000000,-9282000000,29815000000,18427000000,0,31797000000,18726000000,89267000000,170588000000,81321000000,68837000000,0,0,315000000,61612000000,12060000000,81321000000,49552000000,56450000000,142933000000,143248000000,49552000000,JPM,Finanzas,2023,21,JPMorgan Chase & Co
126,2022-12-31,46166000000,128695000000,82529000000,10174000000,17761000000,17965000000,0,28405000000,11347000000,66710000000,92807000000,26097000000,61985000000,0,0,145000000,46166000000,8490000000,26097000000,37676000000,20419000000,72263000000,72408000000,37676000000,JPM,Finanzas,2022,21,JPMorgan Chase & Co
127,2021-12-31,59562000000,121649000000,62087000000,9814000000,31829000000,17493000000,0,27733000000,7523000000,52311000000,57864000000,5553000000,69338000000,0,0,7932000000,59562000000,11228000000,5553000000,48334000000,40264000000,65115000000,72956000000,48334000000,JPM,Finanzas,2021,21,JPMorgan Chase & Co
128,2020-12-31,35407000000,119951000000,84136000000,8464000000,8580000000,17263000000,0,26827000000,9027000000,54563000000,64523000000,9960000000,65388000000,0,0,8614000000,35815000000,6684000000,9960000000,29131000000,35548000000,45775000000,50370000000,29131000000,JPM,Finanzas,2020,21,JPMorgan Chase & Co
129,2019-12-31,44545000000,115720000000,71082000000,8533000000,18051000000,17722000000,0,26494000000,9291000000,57245000000,84040000000,26795000000,58475000000,0,0,8368000000,44866000000,8435000000,26795000000,36431000000,39507000000,71661000000,-2028000000,36431000000,JPM,Finanzas,2019,21,JPMorgan Chase & Co
130,2018-12-31,40764000000,108783000000,68265000000,27254000000,14504000000,17686000000,0,26260000000,7248000000,55059000000,76100000000,21041000000,53724000000,0,0,7791000000,40764000000,8290000000,22383000000,32474000000,30998000000,61805000000,-1837000000,32474000000,JPM,Finanzas,2018,21,JPMorgan Chase & Co
131,2023-12-31,32736000000,98581000000,65845000000,4394000000,11082000000,21057000000,0,21654000000,0,56931000000,130262000000,73331000000,41650000000,0,0,78000000,28342000000,1827000000,73331000000,26515000000,29883000000,101673000000,101751000000,26515000000,BAC,Finanzas,2023,22,Bank of America Corp
132,2022-12-31,33512000000,94950000000,61438000000,2543000000,12017000000,20217000000,0,21495000000,0,52462000000,72565000000,20103000000,42488000000,0,0,78000000,30969000000,3441000000,20103000000,27528000000,11476000000,51072000000,51150000000,27528000000,BAC,Finanzas,2022,22,Bank of America Corp
133,2021-12-31,33555000000,89113000000,55558000000,4594000000,13694000000,19621000000,0,19861000000,0,42934000000,47672000000,4738000000,46179000000,0,0,76000000,33976000000,1998000000,4738000000,31978000000,28530000000,38714000000,38790000000,31978000000,BAC,Finanzas,2021,22,Bank of America Corp
134,2020-12-31,19750000000,85528000000,65778000000,0,974000000,17858000000,0,18776000000,0,43360000000,51585000000,8225000000,42168000000,0,0,95000000,18995000000,1101000000,8225000000,17894000000,22871000000,27220000000,27315000000,17894000000,BAC,Finanzas,2020,22,Bank of America Corp
135,2019-12-31,32754000000,91244000000,58490000000,0,13024000000,16865000000,0,19730000000,0,48891000000,71236000000,22345000000,42353000000,0,0,112000000,32754000000,5324000000,22345000000,27430000000,33008000000,55099000000,55211000000,27430000000,BAC,Finanzas,2019,22,Bank of America Corp
136,2018-12-31,34584000000,91020000000,56663000000,227000000,20417000000,13160000000,0,14167000000,0,48162000000,66769000000,18607000000,42858000000,0,0,538000000,34584000000,6437000000,20066000000,28147000000,24231000000,53191000000,53729000000,28147000000,BAC,Finanzas,2018,22,Bank of America Corp
137,2023-12-31,18675000000,115340000000,61658000000,697000000,8594000000,3696000000,0,10081000000,0,52375000000,85118000000,32743000000,30222000000,0,0,1300000000,21749000000,2607000000,32743000000,19029000000,20924000000,54492000000,55792000000,19142000000,WFC,Finanzas,2023,23,Wells Fargo & Company
138,2022-12-31,15943000000,82859000000,59813000000,750000000,6164000000,3386000000,0,9779000000,0,44950000000,54024000000,9074000000,29418000000,0,0,1200000000,15269000000,2251000000,9074000000,12882000000,2061000000,24343000000,25543000000,13677000000,WFC,Finanzas,2022,23,Wells Fargo & Company
139,2021-12-31,36523000000,82407000000,50768000000,867000000,25756000000,3568000000,0,10693000000,0,35779000000,39694000000,3915000000,42713000000,0,0,1400000000,27126000000,5578000000,3915000000,23238000000,19652000000,31041000000,32441000000,21548000000,WFC,Finanzas,2021,23,Wells Fargo & Company
140,2020-12-31,-8597000000,82227000000,73067000000,1000000000,-22065000000,3863000000,0,13397000000,0,39956000000,47919000000,7963000000,34308000000,0,0,1400000000,2220000000,-1157000000,7963000000,3586000000,4882000000,10183000000,11583000000,3377000000,WFC,Finanzas,2020,23,Wells Fargo & Company
141,2019-12-31,23924000000,85063000000,61139000000,1200000000,-15953000000,32148000000,0,35955000000,0,47303000000,66155000000,18852000000,39529000000,0,0,1400000000,25476000000,5761000000,18852000000,20041000000,24093000000,44328000000,45728000000,19715000000,WFC,Finanzas,2019,23,Wells Fargo & Company
142,2018-12-31,28272000000,86408000000,58136000000,1300000000,-6134000000,30914000000,0,34374000000,0,49995000000,64647000000,14652000000,36413000000,0,0,1300000000,28055000000,5662000000,14652000000,22876000000,18719000000,42707000000,44007000000,22393000000,WFC,Finanzas,2018,23,Wells Fargo & Company
143,2023-12-31,16892000000,96194000000,41798000000,0,-2663000000,11335000000,0,19555000000,0,8230000000,50281000000,42051000000,45913000000,0,0,4256000000,11670000000,2583000000,42051000000,9230000000,8919000000,53721000000,57977000000,9087000000,MS,Finanzas,2023,24,Morgan Stanley
144,2022-12-31,19314000000,65936000000,39299000000,26123000000,343000000,11072000000,0,18971000000,0,9327000000,21595000000,12268000000,44341000000,0,0,3998000000,13939000000,2910000000,12268000000,11179000000,7878000000,26207000000,30205000000,11029000000,MS,Finanzas,2022,24,Morgan Stanley
145,2021-12-31,25295000000,61121000000,40035000000,4707000000,7076000000,10505000000,0,18219000000,0,8045000000,9411000000,1366000000,51710000000,0,0,4216000000,19582000000,4548000000,1366000000,15120000000,13894000000,20948000000,25164000000,15034000000,MS,Finanzas,2021,24,Morgan Stanley
146,2020-12-31,18156000000,52606000000,34339000000,6778000000,3147000000,7975000000,0,15009000000,0,6313000000,10162000000,3849000000,42444000000,0,0,3769000000,14235000000,3239000000,3849000000,11179000000,11822000000,18084000000,21853000000,10996000000,MS,Finanzas,2020,24,Morgan Stanley
147,2019-12-31,14986000000,53942000000,30238000000,14897000000,2057000000,7572000000,0,12929000000,0,4694000000,17098000000,12404000000,36844000000,0,0,2643000000,11106000000,2064000000,12404000000,9237000000,8546000000,23510000000,26153000000,9042000000,MS,Finanzas,2019,24,Morgan Stanley
148,2018-12-31,11285000000,50193000000,28846000000,12479000000,-17153000000,23995000000,0,28438000000,0,3806000000,13892000000,10086000000,36301000000,0,0,1844000000,11098000000,2350000000,10086000000,8887000000,9953000000,21184000000,23028000000,8748000000,MS,Finanzas,2018,24,Morgan Stanley
149,2023-12-31,62806000000,68920000000,6114000000,56831000000,3561000000,5809000000,2805000000,10607000000,0,-1505000000,100000000,1505000000,68920000000,0,1800000000,2085000000,3651000000,456000000,1505000000,3195000000,2794000000,5156000000,7241000000,3195000000,RTX,Industriales,2023,25,Raytheon Technologies Corp
150,2022-12-31,61343000000,67074000000,5731000000,53406000000,5504000000,5573000000,2711000000,10357000000,0,-1276000000,1276000000,1276000000,0,0,1800000000,1957000000,5897000000,790000000,1276000000,5216000000,5094000000,7173000000,9130000000,5197000000,RTX,Industriales,2022,25,Raytheon Technologies Corp
151,2021-12-31,58526000000,64388000000,5862000000,51897000000,4958000000,5224000000,2732000000,10491000000,0,-1322000000,1322000000,1322000000,-649000000,-649000000,1828000000,2439000000,4650000000,786000000,1971000000,3897000000,5683000000,5972000000,8411000000,3864000000,RTX,Industriales,2021,25,Raytheon Technologies Corp
152,2020-12-31,8531000000,56587000000,48056000000,48056000000,-1889000000,5540000000,2582000000,11412000000,0,-1366000000,1366000000,1366000000,0,0,1767000000,2125000000,-2944000000,575000000,1366000000,-3109000000,-979000000,-1578000000,547000000,-3519000000,RTX,Industriales,2020,25,Raytheon Technologies Corp
153,2019-12-31,10751000000,45349000000,34598000000,57065000000,4914000000,3711000000,2452000000,13453000000,0,-1611000000,-20000000,1591000000,0,0,1191000000,1452000000,5958000000,421000000,1611000000,3510000000,5464000000,7549000000,9001000000,5537000000,RTX,Industriales,2019,25,Raytheon Technologies Corp
154,2018-12-31,16516000000,34701000000,18185000000,49985000000,2877000000,2864000000,1878000000,10923000000,0,-1038000000,-6000000,1032000000,0,0,945000000,976000000,6367000000,1098000000,1038000000,1216000000,3461000000,7399000000,8375000000,5269000000,RTX,Industriales,2018,25,Raytheon Technologies Corp
155,2023-12-31,7760000000,36634000000,28874000000,22995000000,425000000,5127000000,1456000000,7335000000,321000000,-19000000,302000000,19000000,36653000000,840000000,659000000,366000000,7145000000,1487000000,765000000,5672000000,4998000000,7164000000,7530000000,5658000000,HON,Industriales,2023,26,Honeywell International Inc
156,2022-12-31,5505000000,35397000000,29892000000,22347000000,-2382000000,5214000000,1478000000,7887000000,138000000,-21000000,138000000,21000000,35418000000,366000000,657000000,405000000,6378000000,1412000000,414000000,4967000000,4386000000,6399000000,6804000000,4966000000,HON,Industriales,2022,26,Honeywell International Inc
157,2021-12-31,5268000000,34343000000,29075000000,23394000000,-1746000000,4798000000,1333000000,7014000000,102000000,-24000000,102000000,24000000,34367000000,1378000000,674000000,530000000,7167000000,1625000000,343000000,5610000000,6028000000,7191000000,7721000000,5542000000,HON,Industriales,2021,26,Honeywell International Inc
158,2020-12-31,10468000000,32678000000,27960000000,22169000000,3343000000,4772000000,1334000000,7125000000,107000000,-27000000,107000000,27000000,32705000000,675000000,644000000,427000000,5926000000,1147000000,359000000,4865000000,4599000000,5953000000,6380000000,4779000000,HON,Industriales,2020,26,Honeywell International Inc
159,2019-12-31,12370000000,36905000000,30835000000,24339000000,4318000000,5519000000,1556000000,8052000000,255000000,-30000000,255000000,30000000,36935000000,1065000000,673000000,480000000,7472000000,1329000000,357000000,6230000000,6388000000,7502000000,7982000000,6143000000,HON,Industriales,2019,26,Honeywell International Inc
160,2018-12-31,12756000000,42259000000,36367000000,29046000000,3626000000,6051000000,1809000000,9130000000,217000000,-150000000,217000000,367000000,42259000000,1149000000,721000000,395000000,7424000000,659000000,367000000,6828000000,5569000000,3626000000,4021000000,6765000000,HON,Industriales,2018,26,Honeywell International Inc
161,2023-12-31,7724000000,77794000000,70070000000,70070000000,-773000000,5168000000,3377000000,8830000000,0,-2560000000,0,2560000000,2000000,1227000000,0,235000000,-1985000000,237000000,2459000000,-2242000000,-2977000000,-773000000,810000000,-2222000000,BA,Industriales,2023,27,The Boeing Company
162,2022-12-31,3530000000,66608000000,63078000000,63078000000,-3519000000,4187000000,2852000000,7384000000,0,-2650000000,2533000000,2650000000,6000000,1058000000,0,241000000,-4904000000,31000000,2561000000,-5053000000,-2826000000,-3547000000,-2013000000,-4935000000,BA,Industriales,2022,27,The Boeing Company
163,2021-12-31,3017000000,62286000000,59269000000,59237000000,-2902000000,4157000000,2249000000,6535000000,0,-2790000000,2682000000,2790000000,277000000,551000000,0,284000000,-4945000000,-743000000,2682000000,-4290000000,1272000000,-2902000000,-1871000000,-4202000000,BA,Industriales,2021,27,The Boeing Company
164,2020-12-31,-5685000000,58158000000,63843000000,63843000000,-12767000000,4817000000,2476000000,8132000000,0,-2280000000,2156000000,2280000000,202000000,447000000,0,317000000,-14408000000,-2535000000,2156000000,-11941000000,-12853000000,-12767000000,-11811000000,-11873000000,BA,Industriales,2020,27,The Boeing Company
165,2019-12-31,4466000000,76559000000,72093000000,72093000000,-1975000000,3909000000,3219000000,7211000000,0,-867000000,722000000,867000000,77250000000,438000000,0,331000000,-2259000000,-1623000000,722000000,-636000000,-1706000000,-1975000000,-1061000000,-636000000,BA,Industriales,2019,27,The Boeing Company
166,2018-12-31,19637000000,101127000000,81490000000,81490000000,11987000000,4567000000,3269000000,8126000000,0,-624000000,474000000,624000000,75000000,92000000,0,272000000,11604000000,1144000000,475000000,10460000000,11750000000,11987000000,12500000000,10460000000,BA,Industriales,2018,27,The Boeing Company
167,2023-12-31,57663000000,67954000000,10291000000,50392000000,45321000000,9195000000,1907000000,12342000000,739000000,-578000000,721000000,1118000000,156000000,0,0,606000000,10643000000,1162000000,0,9067000000,5602000000,45321000000,45927000000,9481000000,GE,Industriales,2023,28,GE Aerospace
168,2022-12-31,61681000000,58100000000,14874000000,55535000000,43418000000,9173000000,1786000000,18263000000,474000000,-1607000000,681000000,1477000000,-365000000,-532000000,0,1742000000,701000000,-3000000,465000000,-811000000,2928000000,43418000000,45160000000,339000000,GE,Industriales,2022,28,GE Aerospace
169,2021-12-31,61860000000,74196000000,12336000000,43378000000,46149000000,11716000000,2497000000,15711000000,621000000,-1876000000,2111000000,1790000000,-6495000000,0,0,1138000000,-6806000000,-286000000,6524000000,-3325000000,4810000000,46149000000,47287000000,-6520000000,GE,Industriales,2021,28,GE Aerospace
170,2020-12-31,3231000000,75833000000,76388000000,60421000000,-2809000000,12628000000,2565000000,6040000000,590000000,-3273000000,2606000000,3515000000,-2105000000,11387000000,4636000000,1382000000,5217000000,-487000000,301000000,6615000000,7688000000,-2809000000,-1427000000,5704000000,GE,Industriales,2020,28,GE Aerospace
171,2019-12-31,7945000000,90221000000,87269000000,66911000000,-9338000000,13806000000,3118000000,17283000000,1507000000,-475000000,1220000000,4227000000,693000000,2222000000,4026000000,1569000000,-4427000000,552000000,256000000,-613000000,-2297000000,-9338000000,-7769000000,-4979000000,GE,Industriales,2019,28,GE Aerospace
172,2018-12-31,78706000000,97012000000,42909000000,72818000000,32377000000,14643000000,3415000000,46329000000,136000000,-1408000000,669000000,5059000000,121615000000,0,4419000000,2662000000,-22262000000,93000000,0,-20991000000,-22364000000,32377000000,35039000000,-22355000000,GE,Industriales,2018,28,GE Aerospace
173,2023-12-31,24293000000,67060000000,42767000000,43797000000,12966000000,6371000000,2108000000,9643000000,494000000,-17000000,494000000,511000000,-682000000,595000000,1929000000,218000000,13116000000,2781000000,0,10332000000,10972000000,12966000000,13184000000,10335000000,CAT,Industriales,2023,29,Caterpillar Inc
174,2022-12-31,18077000000,59427000000,41350000000,41915000000,7904000000,5651000000,1814000000,8543000000,167000000,-443000000,443000000,443000000,104000000,1291000000,1937000000,284000000,8772000000,2067000000,0,6704000000,5801000000,7904000000,8188000000,6705000000,CAT,Industriales,2022,29,Caterpillar Inc
175,2021-12-31,15458000000,50971000000,35513000000,35968000000,6878000000,5365000000,1686000000,6958000000,80000000,-488000000,488000000,488000000,110000000,1814000000,2050000000,302000000,8231000000,1742000000,0,6493000000,5824000000,6878000000,7180000000,6489000000,CAT,Industriales,2021,29,Caterpillar Inc
176,2020-12-31,9940000000,41748000000,29082000000,29671000000,4553000000,4642000000,1415000000,6230000000,112000000,-514000000,514000000,514000000,-193000000,-44000000,2122000000,311000000,4004000000,1006000000,0,3003000000,3677000000,4553000000,4864000000,2998000000,CAT,Industriales,2020,29,Caterpillar Inc
177,2019-12-31,14125000000,53800000000,36630000000,37384000000,8290000000,5162000000,1693000000,45510000000,202000000,-421000000,227000000,421000000,-67000000,-57000000,2253000000,324000000,7839000000,1746000000,0,6094000000,6102000000,8290000000,8614000000,6093000000,CAT,Industriales,2019,29,Caterpillar Inc
178,2018-12-31,14825000000,54722000000,36997000000,819000000,8293000000,5478000000,1850000000,46429000000,195000000,-404000000,513000000,404000000,-201000000,-67000000,2435000000,331000000,7845000000,1698000000,0,6148000000,5666000000,8293000000,8624000000,6147000000,CAT,Industriales,2018,29,Caterpillar Inc
179,2023-12-31,3523379000,8023469000,4500090000,1624793000,3707792000,390406000,0,2928651000,0,-641332000,0,641332000,-8352000,0,0,2484891000,3270252000,211038000,638057000,3253145000,2988622000,3911584000,6396475000,3059214000,PLD,Inmobiliario,2023,30,Prologis Inc
180,2022-12-31,2624094000,5973692000,3349598000,1205738000,3467538000,331083000,0,2184196000,0,-309037000,243456000,309037000,217017000,532309000,0,1812777000,3500268000,135412000,329221000,3555398000,3799500000,3809305000,5622082000,3364856000,PLD,Inmobiliario,2022,30,Prologis Inc
181,2021-12-31,1847015000,4759440000,2912425000,1041316000,3206996000,293167000,0,1893544000,0,-266228000,303305000,266228000,-22474000,871000,0,1577942000,3113981000,174258000,453728000,3148590000,3255209000,3380209000,4958151000,2939723000,PLD,Inmobiliario,2021,30,Prologis Inc
182,2020-12-31,1649858000,4438735000,2788877000,952063000,2118944000,274845000,0,1866824000,0,-314507000,183566000,314507000,-355029000,1044000,0,1561969000,1612272000,130458000,502797000,1616630000,1278473000,1926779000,3488748000,1481814000,PLD,Inmobiliario,2020,30,Prologis Inc
183,2019-12-31,1924024000,3330621000,1406597000,734266000,1849766000,266718000,0,1419746000,0,-239953000,24213000,239953000,-58819000,24213000,0,1139879000,1647476000,74517000,256079000,1701846000,1667232000,1887429000,3027308000,1572959000,PLD,Inmobiliario,2019,30,Prologis Inc
184,2018-12-31,1618250000,2804449000,1186199000,600648000,1687998000,238985000,0,1957447000,0,-229141000,14663000,229141000,2817657000,14663000,0,947214000,1712691000,63330000,231727000,1822960000,1466348000,1941832000,2889046000,1649361000,PLD,Inmobiliario,2018,30,Prologis Inc
185,2023-12-31,4633700000,11144200000,6510500000,3200500000,3024900000,992500000,0,3813100000,0,-1398200000,135700000,1398200000,425600000,-248500000,1500000000,1538500000,1637500000,154200000,1398500000,1367100000,1462100000,3024900000,4574200000,1483300000,AMT,Inmobiliario,2023,31,American Tower Corp
186,2022-12-31,3864300000,10711100000,6846800000,3156400000,2352300000,972300000,0,4486400000,0,-1136500000,615500000,1136500000,1304000000,433700000,1600000000,1845400000,1789800000,24000000,1136900000,1696700000,786400000,2352300000,4771700000,1765800000,AMT,Inmobiliario,2022,31,American Tower Corp
187,2021-12-31,4103600000,9356900000,5253300000,2585300000,3132000000,811600000,0,3089400000,0,-870900000,1388400000,870900000,1236900000,566100000,1036200000,1346800000,2829500000,261800000,909100000,2567600000,1588200000,3132000000,5047200000,2567700000,AMT,Inmobiliario,2021,31,American Tower Corp
188,2020-12-31,3700800000,8041500000,4340700000,2189600000,2887500000,778700000,0,2434200000,0,-793500000,39700000,793500000,207500000,-240800000,924300000,1020200000,1820200000,129600000,865300000,1691500000,754800000,2613700000,3633900000,1690600000,AMT,Inmobiliario,2020,31,American Tower Corp
189,2019-12-31,5634900000,7580300000,1945400000,43100000,2688400000,730400000,0,2113700000,0,-814200000,46800000,814200000,511100000,17600000,905500000,959400000,1887600000,-200000,836400000,1916600000,1707100000,2701800000,3661200000,1887800000,AMT,Inmobiliario,2019,31,American Tower Corp
190,2018-12-31,5055000000,7440100000,2385100000,49100000,1905000000,733200000,0,2984000000,0,-825500000,55800000,825500000,14747000000,23800000,883100000,1144100000,1126300000,-110100000,3300000,1264700000,571800000,1951800000,3095900000,1236400000,AMT,Inmobiliario,2018,31,American Tower Corp
191,2023-12-31,5046000000,6981000000,1935000000,316000000,2369000000,759000000,0,1530000000,15000000,-865000000,12000000,865000000,449000000,-6000000,1300000000,629000000,1528000000,26000000,865000000,1502000000,1503000000,2369000000,3022000000,1502000000,CCI,Inmobiliario,2023,32,Crown Castle
192,2022-12-31,4962000000,6986000000,2024000000,466000000,2425000000,750000000,0,1432000000,3000000,-711000000,696000000,711000000,669000000,-10000000,1200000000,628000000,1691000000,16000000,739000000,1675000000,1674000000,2425000000,3030000000,1675000000,CCI,Inmobiliario,2022,32,Crown Castle
193,2021-12-31,4387000000,6340000000,1953000000,439000000,2001000000,680000000,0,1365000000,1000000,-669000000,656000000,669000000,476000000,-21000000,1200000000,644000000,1117000000,21000000,814000000,1158000000,1096000000,2001000000,2430000000,1096000000,CCI,Inmobiliario,2021,32,Crown Castle
194,2020-12-31,3913000000,5840000000,1927000000,448000000,1863000000,678000000,0,1420000000,2000000,-706000000,2000000,706000000,425000000,-5000000,1200000000,650000000,1076000000,20000000,801000000,1056000000,1057000000,1863000000,2432000000,1056000000,CCI,Inmobiliario,2020,32,Crown Castle
195,2019-12-31,4375000000,5763000000,1388000000,524000000,1559000000,614000000,0,864000000,6000000,-663000000,6000000,663000000,668000000,1000000,1100000000,216000000,839000000,-21000000,665000000,860000000,860000000,1559000000,1718000000,860000000,CCI,Inmobiliario,2019,32,Crown Castle
196,2018-12-31,4383000000,5370000000,1040000000,434000000,1383000000,563000000,0,603000000,5000000,-621000000,5000000,621000000,5317000000,1000000,1100000000,445000000,540000000,-19000000,727000000,622000000,621000000,1383000000,1606000000,559000000,CCI,Inmobiliario,2018,32,Crown Castle
197,2023-12-31,3644267000,5658836000,2014569000,586603000,2807022000,165859000,0,1615810000,0,-854648000,0,854648000,0,0,0,1262107000,2698892000,81874000,854648000,3182685000,2275211000,2807022000,4069129000,2283126000,SPG,Inmobiliario,2023,33,Simon Property Group Inc
198,2022-12-31,3363582000,5291447000,1927865000,557730000,2583553000,142764000,0,1522348000,0,-761253000,53303000,761253000,0,647977000,0,1227371000,2535897000,83512000,761253000,3231530000,2159848000,2583553000,3810924000,2139535000,SPG,Inmobiliario,2022,33,Simon Property Group Inc
199,2021-12-31,3197321000,5116789000,1919468000,512111000,2413190000,144642000,0,1547875000,0,-795712000,157702000,795712000,-51841000,730996000,0,1262715000,2725906000,157199000,847553000,3187932000,2253121000,2413190000,3675905000,2249631000,SPG,Inmobiliario,2021,33,Simon Property Group Inc
200,2020-12-31,2738298000,4607503000,1869205000,430012000,1971809000,121185000,0,1576872000,0,-784400000,584162000,784400000,0,219870000,0,1318008000,1272687000,-4637000,784400000,2172047000,1042492000,1971809000,3289817000,1112564000,SPG,Inmobiliario,2020,33,Simon Property Group Inc
201,2019-12-31,4128987000,5755189000,1626202000,100495000,2912787000,185204000,0,1635605000,0,-789353000,353216000,789353000,-116256000,328093000,0,1340503000,2453242000,30054000,905609000,3343968000,2108997000,2912787000,4253290000,2101584000,SPG,Inmobiliario,2019,33,Simon Property Group Inc
202,2018-12-31,4065462000,5645288000,1592457000,99588000,2926299000,197784000,0,1589560000,0,-815923000,355885000,815923000,3650711000,475250000,0,1282454000,2859241000,36898000,815923000,3386337000,2424494000,2926299000,4208753000,2440058000,SPG,Inmobiliario,2018,33,Simon Property Group Inc
203,2023-12-31,3544764000,7772422000,4227658000,4227658000,1443274000,2509838000,0,2913685000,94227000,-402022000,84464000,402022000,8174444000,-11214000,1636075000,375329000,1124428000,155250000,402057000,968980000,1068507000,1526450000,1901779000,969178000,EQIX,Inmobiliario,2023,34,Equinix Inc
204,2022-12-31,3528139000,7279640000,3751501000,3751501000,1200528000,2285261000,0,2690749000,36268000,-356337000,36268000,356337000,7399513000,-51417000,1531453000,365816000,829137000,124792000,356010000,704577000,400650000,1185474000,1551290000,704345000,EQIX,Inmobiliario,2022,34,Equinix Inc
205,2021-12-31,2979917000,6452339000,3472422000,3472422000,1108162000,2043029000,0,2434028000,2644000,-336082000,2644000,336082000,6647474000,-50647000,1450806000,362541000,609415000,109224000,451207000,499728000,327808000,945497000,1308038000,500191000,EQIX,Inmobiliario,2021,34,Equinix Inc
206,2020-12-31,2924205000,5998545000,3074340000,3074340000,1052928000,1809337000,0,2201893000,8654000,-406466000,8654000,406466000,-274353000,6913000,1224322000,319216000,515928000,146151000,552270000,370074000,391022000,922394000,1241610000,369777000,EQIX,Inmobiliario,2020,34,Equinix Inc
207,2019-12-31,2751956000,5562140000,2810184000,2810184000,1169631000,1586064000,0,1876245000,27697000,-479684000,27697000,479684000,-15366000,27778000,1088559000,279171000,692802000,185352000,532509000,507245000,518539000,1172486000,1451657000,507450000,EQIX,Inmobiliario,2019,34,Equinix Inc
208,2018-12-31,2466179000,5071654000,2605475000,2605475000,977383000,1460396000,0,1705733000,14482000,-521494000,14482000,521494000,-51400000,14044000,1024073000,203416000,433038000,67679000,572894000,365359000,206970000,954532000,1157948000,365359000,EQIX,Inmobiliario,2018,34,Equinix Inc
209,2023-12-31,8128000000,32607000000,24479000000,17492000000,8024000000,3295000000,146000000,7466000000,0,-200000000,213000000,413000000,32807000000,0,3266000000,3816000000,8013000000,1814000000,413000000,6199000000,6176000000,8024000000,12242000000,6199000000,LIN,Materiales,2023,35,Linde plc Ordinary Shares
210,2022-12-31,5730000000,33283000000,27553000000,19450000000,5369000000,3107000000,143000000,8655000000,0,-63000000,152000000,215000000,33346000000,0,3633000000,4204000000,5581000000,1434000000,215000000,4147000000,3413000000,5369000000,10000000000,4147000000,LIN,Materiales,2022,35,Linde plc Ordinary Shares
211,2021-12-31,5146000000,30594000000,25448000000,17543000000,4984000000,3189000000,143000000,8400000000,0,-77000000,93000000,170000000,30764000000,119000000,3912000000,4635000000,5088000000,1262000000,77000000,3821000000,3468000000,4984000000,9893000000,3826000000,LIN,Materiales,2021,35,Linde plc Ordinary Shares
212,2020-12-31,3314000000,26960000000,23646000000,15383000000,3322000000,3193000000,152000000,8852000000,0,-115000000,140000000,255000000,27215000000,85000000,3861000000,4626000000,3348000000,847000000,115000000,2497000000,2625000000,3322000000,8229000000,2501000000,LIN,Materiales,2020,35,Linde plc Ordinary Shares
213,2019-12-31,2561000000,28135000000,25574000000,16644000000,2933000000,3457000000,184000000,9142000000,0,-246000000,134000000,246000000,28381000000,114000000,3940000000,4675000000,3054000000,769000000,38000000,2183000000,1927000000,2933000000,7975000000,2285000000,LIN,Materiales,2019,35,Linde plc Ordinary Shares
214,2018-12-31,14534000000,17996000000,3462000000,9020000000,5247000000,1629000000,113000000,304000000,0,-202000000,222000000,202000000,18198000000,56000000,1615000000,1830000000,5198000000,817000000,202000000,4273000000,4023000000,5247000000,7230000000,4381000000,LIN,Materiales,2018,35,Linde plc Ordinary Shares
215,2023-12-31,10758100000,22560300000,19741500000,12293800000,4161700000,7065400000,196600000,7523100000,25200000,-417500000,25200000,417500000,22977800000,-65500000,292300000,330200000,3109900000,721100000,430300000,2388800000,2465100000,3527400000,3857600000,2388800000,SHW,Materiales,2023,36,Sherwin-Williams Co
216,2022-12-31,9325100000,21735200000,19215600000,12823800000,3397200000,6331600000,119300000,6442400000,8000000,-390800000,55500000,390800000,22126000000,-47000000,264000000,317100000,2573100000,553000000,390800000,2020100000,2017900000,2963900000,3281000000,2020100000,SHW,Materiales,2022,36,Sherwin-Williams Co
217,2021-12-31,8542700000,19493500000,17284300000,11401900000,3083700000,5572500000,115900000,6017600000,4900000,-334700000,8100000,334700000,19828200000,19500000,263100000,309500000,2248600000,384200000,333300000,1864400000,1884300000,2583300000,2892800000,1864400000,SHW,Materiales,2021,36,Sherwin-Williams Co
218,2020-12-31,8682600000,18002200000,15514700000,9679100000,3373800000,5477900000,97100000,5878100000,3600000,-340400000,1200000,340400000,18342600000,-5300000,268000000,313400000,2519200000,488800000,361700000,2030400000,1991600000,2859600000,3173000000,2030400000,SHW,Materiales,2020,36,Sherwin-Williams Co
219,2019-12-31,8036100000,17900800000,9864700000,9864700000,2808800000,5274900000,103100000,5723000000,25900000,-349300000,25900000,349300000,17850200000,18000000,262100000,312800000,1981800000,440500000,364100000,1541300000,1500000000,2331100000,2643900000,1541300000,SHW,Materiales,2019,36,Sherwin-Williams Co
220,2018-12-31,7418600000,17534500000,10115931000,10115900000,2611600000,5033800000,51922000,5744192000,5286000,-367000000,-300000,366700000,-20357000,-20100000,278200000,318112000,1359700000,251000000,367000000,1108700000,866000000,1726400000,2044512000,1108700000,SHW,Materiales,2018,36,Sherwin-Williams Co
221,2023-12-31,7160000000,22855000000,15695000000,15695000000,6225000000,479000000,0,1423000000,0,-515000000,0,515000000,22733000000,286000000,0,2068000000,4118000000,2270000000,-10000000,1848000000,1894000000,6225000000,8589000000,1848000000,FCX,Materiales,2023,37,Freeport-McMoran Copper & Gold Inc
222,2022-12-31,7691000000,22780000000,15089000000,15060000000,7037000000,420000000,0,1154000000,0,-560000000,415000000,560000000,23311000000,207000000,0,2019000000,5735000000,2267000000,-31000000,3468000000,3536000000,7037000000,9294000000,3468000000,FCX,Materiales,2022,37,Freeport-McMoran Copper & Gold Inc
223,2021-12-31,8815000000,22845000000,14030000000,14014000000,8366000000,383000000,0,891000000,0,-602000000,602000000,602000000,22488000000,-105000000,0,1998000000,8723000000,2299000000,0,4299000000,4501000000,8366000000,10259000000,6424000000,FCX,Materiales,2021,37,Freeport-McMoran Copper & Gold Inc
224,2020-12-31,2543000000,14198000000,11655000000,11559000000,2437000000,370000000,0,402000000,0,-598000000,598000000,598000000,13827000000,59000000,0,1528000000,1543000000,944000000,101000000,596000000,692000000,2437000000,3923000000,599000000,FCX,Materiales,2020,37,Freeport-McMoran Copper & Gold Inc
225,2019-12-31,1277000000,14402000000,13125000000,12926000000,1091000000,394000000,0,437000000,0,-620000000,620000000,620000000,14345000000,-138000000,0,1412000000,271000000,510000000,27000000,-245000000,-310000000,1091000000,1948000000,-239000000,FCX,Materiales,2019,37,Freeport-McMoran Copper & Gold Inc
226,2018-12-31,5162000000,18628000000,13466000000,1758000000,4754000000,422000000,0,1156000000,0,-945000000,945000000,945000000,18966000000,76000000,0,1754000000,3593000000,991000000,-7000000,2613000000,2569000000,4754000000,6376000000,2602000000,FCX,Materiales,2018,37,Freeport-McMoran Copper & Gold Inc
227,2023-09-30,2496600000,12600000000,10103400000,8833000000,2494600000,957000000,105600000,1368400000,0,-177500000,426800000,177500000,0,-39000000,1325800000,32500000,2851400000,551200000,177500000,2292800000,2636900000,3028900000,3061400000,2300200000,APD,Materiales,2023,38,Air Products and Chemicals Inc
228,2022-09-30,2302100000,12698600000,10396500000,9338500000,2338800000,900600000,102900000,1144300000,0,-128000000,368300000,128000000,0,62400000,1302700000,35500000,2756900000,500800000,128000000,2243500000,985900000,2884900000,2920400000,2256100000,APD,Materiales,2022,38,Air Products and Chemicals Inc
229,2021-09-30,2242200000,10323000000,8080800000,7186100000,2281400000,828400000,93500000,953700000,0,-141800000,152300000,141800000,0,73700000,1284100000,37200000,2561900000,462800000,141800000,2028800000,2723300000,2703700000,2740900000,2099100000,APD,Materiales,2021,38,Air Products and Chemicals Inc
230,2020-09-30,2998200000,8856300000,5858100000,5858100000,2237600000,775900000,83900000,884000000,0,-109300000,155500000,109300000,33800000,30700000,1150500000,34500000,2365100000,478400000,109300000,1901000000,2122200000,2474400000,2508900000,1886700000,APD,Materiales,2020,38,Air Products and Chemicals Inc
231,2019-09-30,2914400000,8918900000,6004500000,5975500000,2144400000,750000000,72900000,908500000,0,-137000000,78400000,137000000,0,66700000,1049700000,33100000,2240100000,480100000,137000000,1760000000,1126300000,2377100000,2410200000,1760000000,APD,Materiales,2019,38,Air Products and Chemicals Inc
232,2018-09-30,2740700000,8930200000,6189500000,6189500000,1965600000,760800000,64500000,940900000,0,-130500000,46300000,130500000,-3900000,5100000,940700000,30000000,2022100000,524300000,130500000,1455600000,1603300000,2152600000,2182600000,1497800000,APD,Materiales,2018,38,Air Products and Chemicals Inc
233,2023-12-31,2390000000,11635000000,9245000000,6699000000,-1091000000,299000000,200000000,3481000000,148000000,-121000000,143000000,121000000,11756000000,-88000000,0,78000000,-1968000000,526000000,121000000,-2521000000,-2509000000,-1847000000,-1769000000,-2494000000,NEM,Materiales,2023,39,Newmont Goldcorp Corp
234,2022-12-31,3345000000,11807000000,8462000000,6468000000,1057000000,276000000,229000000,2288000000,78000000,-103000000,78000000,103000000,11910000000,-27000000,0,78000000,26000000,455000000,103000000,-459000000,-267000000,129000000,207000000,-429000000,NEM,Materiales,2022,39,Newmont Goldcorp Corp
235,2021-12-31,5679000000,12171000000,6492000000,5435000000,4494000000,259000000,154000000,1185000000,18000000,-74000000,368000000,74000000,12245000000,-87000000,0,85000000,2264000000,1098000000,74000000,1109000000,1249000000,2338000000,2423000000,1166000000,NEM,Materiales,2021,39,Newmont Goldcorp Corp
236,2020-12-31,5708000000,11286000000,5578000000,5014000000,5478000000,269000000,122000000,230000000,24000000,-61000000,24000000,61000000,11347000000,-32000000,0,88000000,3533000000,704000000,138000000,2666000000,2878000000,3594000000,3682000000,2829000000,NEM,Materiales,2020,39,Newmont Goldcorp Corp
237,2019-12-31,2305000000,9673000000,746000000,130000000,7860000000,313000000,150000000,1067000000,57000000,-60000000,57000000,60000000,9733000000,297000000,0,78000000,3637000000,832000000,60000000,2877000000,2824000000,3697000000,3775000000,2805000000,NEM,Materiales,2019,39,Newmont Goldcorp Corp
238,2018-12-31,1782000000,7258000000,1039000000,271000000,5360000000,244000000,153000000,859000000,56000000,-37000000,159000000,37000000,7295000000,55000000,0,1215000000,727000000,386000000,37000000,280000000,330000000,764000000,2529000000,341000000,NEM,Materiales,2018,39,Newmont Goldcorp Corp
239,2023-12-31,274252000000,371622000000,97370000000,38770000000,32358000000,54628000000,0,58600000000,4089000000,-3246000000,0,3246000000,290827000000,0,1100000000,3972000000,28349000000,5968000000,3246000000,23144000000,23747000000,31595000000,35567000000,22381000000,UNH,Salud,2023,40,UnitedHealth Group Incorporated
240,2022-12-31,239277000000,324162000000,84885000000,33703000000,28435000000,47782000000,0,51182000000,2030000000,-2092000000,2092000000,2092000000,257157000000,0,1100000000,3400000000,25824000000,5704000000,2092000000,20639000000,17111000000,27916000000,31316000000,20120000000,UNH,Salud,2022,40,UnitedHealth Group Incorporated
241,2021-12-31,210881000000,287597000000,76716000000,31034000000,23970000000,42579000000,0,45682000000,2324000000,-1660000000,1660000000,1660000000,226233000000,0,1000000000,3103000000,21863000000,4578000000,1660000000,17732000000,15715000000,23523000000,26626000000,17285000000,UNH,Salud,2021,40,UnitedHealth Group Incorporated
242,2020-12-31,181801000000,257141000000,75340000000,30745000000,22405000000,41704000000,0,44595000000,1502000000,-1663000000,1663000000,1663000000,201478000000,0,1000000000,2891000000,20376000000,4973000000,1663000000,15769000000,15167000000,22039000000,24930000000,15403000000,UNH,Salud,2020,40,UnitedHealth Group Incorporated
243,2019-12-31,176125000000,242155000000,66030000000,28117000000,19685000000,35193000000,0,37913000000,1886000000,-1704000000,1704000000,1704000000,189699000000,0,995000000,2720000000,17581000000,3742000000,1704000000,14239000000,14421000000,19285000000,22005000000,13839000000,UNH,Salud,2019,40,UnitedHealth Group Incorporated
244,2018-12-31,162747000000,226247000000,63500000000,26998000000,17344000000,34074000000,0,36502000000,1376000000,-1400000000,1400000000,1400000000,178087000000,0,924000000,2428000000,15548000000,3562000000,1400000000,12382000000,10469000000,16948000000,19376000000,11986000000,UNH,Salud,2018,40,UnitedHealth Group Incorporated
245,2023-12-31,58606000000,84021000000,54349000000,26553000000,30427000000,21512000000,483000000,28179000000,1261000000,-772000000,1261000000,772000000,84793000000,-6634000000,0,4500000000,36889000000,1736000000,772000000,13326000000,30412000000,37661000000,42161000000,35153000000,JNJ,Salud,2023,41,Johnson & Johnson
246,2022-12-31,55394000000,79428000000,50533000000,24596000000,29474000000,20246000000,0,25920000000,490000000,-276000000,490000000,276000000,79704000000,-810000000,0,3900000000,21725000000,2989000000,276000000,16370000000,18032000000,22001000000,25106000000,17941000000,JNJ,Salud,2022,41,Johnson & Johnson
247,2021-12-31,63920000000,93356000000,60455000000,29855000000,17754000000,24659000000,15614000000,46166000000,53000000,-183000000,53000000,183000000,93539000000,-489000000,0,4700000000,22776000000,1898000000,183000000,20878000000,23062000000,22959000000,27659000000,20878000000,JNJ,Salud,2021,41,Johnson & Johnson
248,2020-12-31,54157000000,82174000000,55691000000,28427000000,14490000000,22084000000,12340000000,39667000000,111000000,-201000000,111000000,201000000,82375000000,-2899000000,0,4700000000,16497000000,1783000000,201000000,14714000000,15363000000,16698000000,21398000000,14714000000,JNJ,Salud,2020,41,Johnson & Johnson
249,2019-12-31,54503000000,81474000000,55596000000,27556000000,14238000000,22178000000,12245000000,40265000000,357000000,-318000000,357000000,318000000,81792000000,-2525000000,0,4500000000,17328000000,2209000000,318000000,15119000000,14450000000,17646000000,22146000000,15119000000,JNJ,Salud,2019,41,Johnson & Johnson
250,2018-12-31,54490000000,80311000000,56630000000,27091000000,15371000000,22540000000,11901000000,39119000000,611000000,-1005000000,611000000,1005000000,81316000000,-1405000000,0,4400000000,17999000000,2702000000,1005000000,15297000000,13506000000,19004000000,23404000000,15297000000,JNJ,Salud,2018,41,Johnson & Johnson
251,2023-12-31,19527400000,34124100000,14596700000,7082200000,316700000,7403100000,13113200000,19210700000,173600000,-485900000,173600000,485900000,0,-32700000,901900000,505600000,6554600000,1314200000,485900000,5240400000,4758000000,7040500000,7546100000,5240400000,LLY,Salud,2023,42,Eli Lilly and Company
252,2022-12-31,15019800000,28541400000,13521600000,6629800000,564300000,6440400000,7190800000,14455500000,62800000,-331600000,268800000,331600000,0,-14300000,816600000,579700000,6806400000,561600000,331600000,6244800000,6743300000,7138000000,7717700000,6244800000,LLY,Salud,2022,42,Eli Lilly and Company
253,2021-12-31,13918800000,28318400000,14399600000,7312800000,-483600000,6431600000,6930700000,14402400000,25400000,-339800000,314400000,339800000,-405200000,51400000,787000000,628800000,6155500000,573800000,745000000,5581700000,7735000000,6495300000,7124100000,5581700000,LLY,Salud,2021,42,Eli Lilly and Company
254,2020-12-31,12627700000,24539800000,11912100000,5483300000,-138600000,6121200000,5976300000,12766300000,33000000,-359600000,326600000,359600000,0,-195500000,765200000,428200000,7229900000,1036200000,359600000,6193700000,6220900000,7589500000,8017700000,6193700000,LLY,Salud,2020,42,Eli Lilly and Company
255,2019-12-31,10793000000,22319500000,11526500000,4721200000,-1817200000,6213800000,5595000000,11808800000,80400000,-400600000,80400000,400600000,-252500000,-56600000,814700000,225800000,8946400000,628000000,653100000,4637900000,7535000000,9347000000,9572800000,8318400000,LLY,Salud,2019,42,Eli Lilly and Company
256,2018-12-31,10453200000,21493300000,14102500000,4681700000,-2526400000,5975100000,5051200000,11026400000,161300000,-272100000,-29600000,242500000,242100000,-11700000,797100000,558700000,3761500000,529500000,30000000,3232000000,3304600000,4004000000,4562700000,3232000000,LLY,Salud,2018,42,Eli Lilly and Company
257,2023-12-31,30592000000,60115000000,29523000000,16126000000,-13834000000,10504000000,30531000000,44426000000,365000000,-1146000000,390000000,1146000000,-370000000,-466000000,1800000000,2000000000,1877000000,1512000000,1146000000,365000000,-28000000,3023000000,5023000000,365000000,MRK,Salud,2023,43,Merck & Company Inc
258,2022-12-31,27923000000,59283000000,31360000000,17411000000,147000000,10042000000,13548000000,27776000000,157000000,-962000000,1348000000,962000000,-1237000000,-1501000000,1800000000,2100000000,16437000000,1918000000,962000000,14519000000,14180000000,17399000000,19499000000,14519000000,MRK,Salud,2022,43,Merck & Company Inc
259,2021-12-31,23093000000,48704000000,25611000000,13626000000,-1349000000,9634000000,12245000000,24442000000,36000000,-806000000,1884000000,806000000,1103000000,1341000000,1578000000,1600000000,14570000000,1521000000,806000000,12345000000,14805000000,15376000000,16976000000,13049000000,MRK,Salud,2021,43,Merck & Company Inc
260,2020-12-31,18184000000,41518000000,29810000000,13618000000,-10038000000,8955000000,13397000000,28222000000,59000000,-831000000,59000000,831000000,-145000000,890000000,1669000000,1900000000,8407000000,1340000000,831000000,4519000000,6626000000,9238000000,11138000000,7067000000,MRK,Salud,2020,43,Merck & Company Inc
261,2019-12-31,18980000000,39121000000,27860000000,12016000000,-5185000000,9455000000,9724000000,24165000000,274000000,-893000000,274000000,893000000,-187000000,-129000000,1615000000,2000000000,11408000000,1565000000,893000000,5690000000,9195000000,12301000000,14301000000,9843000000,MRK,Salud,2019,43,Merck & Company Inc
262,2018-12-31,15367000000,42294000000,26927000000,13509000000,-8315000000,10102000000,9752000000,23682000000,343000000,-772000000,343000000,772000000,-145000000,402000000,1416000000,2900000000,8728000000,2508000000,772000000,6193000000,5859000000,9500000000,12400000000,6220000000,MRK,Salud,2018,43,Merck & Company Inc
263,2023-12-31,8904000000,58496000000,49592000000,24954000000,-27642000000,14771000000,10873000000,36324000000,1624000000,-2209000000,1624000000,2209000000,52890000000,835000000,0,4700000000,1004000000,-1115000000,2209000000,2172000000,2462000000,3213000000,7913000000,2119000000,PFE,Salud,2023,44,Pfizer Inc
264,2022-12-31,47907000000,100330000000,52423000000,34344000000,16368000000,13677000000,12381000000,31539000000,251000000,-1238000000,1824000000,1238000000,126000000,-217000000,0,3600000000,34700000000,3328000000,1238000000,31401000000,28965000000,35938000000,39538000000,31372000000,PFE,Salud,2022,44,Pfizer Inc
265,2021-12-31,34573000000,81288000000,45545000000,30821000000,3390000000,12703000000,13829000000,31183000000,36000000,-1291000000,560000000,1291000000,81368000000,4878000000,0,3700000000,23831000000,1852000000,1291000000,22414000000,21393000000,25122000000,28822000000,21979000000,PFE,Salud,2021,44,Pfizer Inc
266,2020-12-31,18171000000,41651000000,22352000000,8484000000,-5395000000,11597000000,9405000000,23566000000,73000000,-1449000000,538000000,1449000000,41932000000,-1213000000,0,3400000000,9529000000,370000000,1449000000,6630000000,9639000000,10978000000,14378000000,9159000000,PFE,Salud,2020,44,Pfizer Inc
267,2019-12-31,21948000000,50108000000,28160000000,8054000000,-5052000000,12726000000,8650000000,27000000000,226000000,-1574000000,-1000000,1573000000,51637000000,-3497000000,0,4500000000,16609000000,583000000,1712000000,10708000000,15908000000,18182000000,22682000000,16026000000,PFE,Salud,2019,44,Pfizer Inc
268,2018-12-31,22784000000,52356000000,29572000000,8987000000,-3920000000,12612000000,8006000000,26704000000,333000000,-1316000000,333000000,1316000000,53672000000,-2077000000,0,161141,10887000000,-266000000,1319000000,3825000000,9198000000,12203000000,21412000000,11153000000,PFE,Salud,2018,44,Pfizer Inc
269,2023-12-31,16271000000,24708000000,8437000000,10138000000,10237000000,2404000000,0,18282000000,0,-2029000000,0,3324000000,24708000000,333000000,0,5879000000,8316000000,1006000000,0,6282000000,7375000000,10237000000,16116000000,7310000000,NEE,Servicios Publicos,2023,45,Nextera Energy Inc
270,2022-12-31,16341000000,23278000000,6937000000,10817000000,4081000000,2289000000,0,17397000000,0,174000000,763000000,585000000,23104000000,200000000,0,4503000000,4733000000,586000000,0,3246000000,3929000000,4081000000,8584000000,4147000000,NEE,Servicios Publicos,2022,45,Nextera Energy Inc
271,2021-12-31,12965000000,19042000000,6077000000,8480000000,2913000000,2012000000,0,14233000000,0,148000000,267000000,1270000000,18894000000,130000000,0,3924000000,3921000000,348000000,0,2827000000,3665000000,2913000000,6837000000,3573000000,NEE,Servicios Publicos,2021,45,Nextera Energy Inc
272,2020-12-31,10844000000,16976000000,6132000000,7290000000,5116000000,1911000000,0,13234000000,0,120000000,38000000,1950000000,16856000000,92000000,0,4052000000,2963000000,44000000,0,2369000000,2996000000,5116000000,9168000000,2919000000,NEE,Servicios Publicos,2020,45,Nextera Energy Inc
273,2019-12-31,11221000000,17604000000,6383000000,8003000000,5353000000,1888000000,0,14257000000,0,101000000,54000000,2249000000,17503000000,121000000,0,4216000000,4217000000,448000000,0,3388000000,3789000000,5353000000,9569000000,3769000000,NEE,Servicios Publicos,2019,45,Nextera Energy Inc
274,2018-12-31,9856000000,15558000000,5702000000,7062000000,4280000000,1590000000,0,12527000000,0,94000000,51000000,1498000000,15464000000,48000000,0,3911000000,8214000000,1576000000,0,5776000000,6667000000,4280000000,8191000000,6638000000,NEE,Servicios Publicos,2018,45,Nextera Energy Inc
275,2023-12-31,18533000000,26046000000,7513000000,5253000000,7070000000,1497000000,0,2309000000,0,-3014000000,29000000,3014000000,28674000000,598000000,0,160000000,3279000000,438000000,3014000000,4126000000,2975000000,6293000000,6453000000,2841000000,DUK,Servicios Publicos,2023,46,Duke Energy Corporation
276,2022-12-31,18558000000,26329000000,7771000000,5086000000,6012000000,1566000000,0,2823000000,0,-2439000000,2326000000,2439000000,28675000000,392000000,0,151000000,2850000000,300000000,2439000000,3659000000,2713000000,5289000000,5440000000,2550000000,DUK,Servicios Publicos,2022,46,Duke Energy Corporation
277,2021-12-31,15227000000,22817000000,7590000000,4990000000,5500000000,1477000000,0,2641000000,0,-2280000000,-73000000,2207000000,24703000000,636000000,0,219000000,4176000000,268000000,2280000000,3602000000,3842000000,6383000000,6602000000,3908000000,DUK,Servicios Publicos,2021,46,Duke Energy Corporation
278,2020-12-31,7883000000,21706000000,13823000000,10756000000,4571000000,1421000000,0,3132000000,0,-2162000000,-65000000,2097000000,23480000000,451000000,0,119000000,1208000000,-169000000,2162000000,981000000,1270000000,3305000000,3424000000,1377000000,DUK,Servicios Publicos,2020,46,Duke Energy Corporation
279,2019-12-31,13287000000,22144000000,8857000000,6826000000,5709000000,1396000000,0,2035000000,0,-2204000000,31000000,2204000000,24348000000,430000000,0,111000000,4267000000,519000000,2204000000,3714000000,3724000000,6471000000,6582000000,3748000000,DUK,Servicios Publicos,2019,46,Duke Energy Corporation
280,2018-12-31,12093000000,21663000000,9570000000,6831000000,4685000000,1626000000,0,2828000000,0,-2094000000,20000000,2094000000,23757000000,399000000,0,4074000000,3114000000,448000000,2094000000,2647000000,2653000000,5208000000,9732000000,2666000000,DUK,Servicios Publicos,2018,46,Duke Energy Corporation
281,2023-12-31,23363000000,25253000000,1890000000,13545000000,5826000000,1425000000,0,1890000000,85000000,-414000000,0,414000000,24828000000,553000000,0,62000000,4472000000,496000000,2446000000,3849000000,3966000000,5826000000,4948000000,3976000000,SO,Servicios Publicos,2023,47,Southern Company
282,2022-12-31,27149000000,29279000000,2130000000,18458000000,5370000000,1411000000,0,2073000000,59000000,-340000000,1871000000,340000000,25941000000,500000000,0,62000000,4330000000,795000000,2022000000,3428000000,3595000000,5370000000,4732000000,3535000000,SO,Servicios Publicos,2022,47,Southern Company
283,2021-12-31,21349000000,23113000000,1764000000,13052000000,3698000000,1290000000,0,1578000000,22000000,-293000000,1761000000,293000000,23319000000,456000000,0,65000000,2675000000,267000000,1837000000,2309000000,2551000000,3698000000,3033000000,2408000000,SO,Servicios Publicos,2021,47,Southern Company
284,2020-12-31,18657000000,20375000000,1718000000,10478000000,4885000000,1234000000,0,1653000000,37000000,-241000000,1668000000,241000000,21246000000,336000000,0,75000000,3527000000,393000000,1821000000,3103000000,3044000000,4885000000,3843000000,3134000000,SO,Servicios Publicos,2020,47,Southern Company
285,2019-12-31,19598000000,21419000000,1889000000,11792000000,7736000000,1230000000,0,-699000000,60000000,-214000000,1574000000,214000000,21419000000,252000000,0,89000000,6537000000,1798000000,1736000000,4744000000,4621000000,7736000000,6840000000,4739000000,SO,Servicios Publicos,2019,47,Southern Company
286,2018-12-31,21584000000,23495000000,2023000000,13842000000,4191000000,1507000000,0,1722000000,38000000,-210000000,1694000000,210000000,23495000000,114000000,0,89000000,2675000000,449000000,1842000000,2300000000,2252000000,4191000000,2974000000,2226000000,SO,Servicios Publicos,2018,47,Southern Company
287,2023-12-31,17547800000,18982300000,1434500000,10665100000,3556200000,1492300000,0,15426100000,0,-1806900000,0,1806900000,18659500000,63400000,2927500000,28000000,2262700000,54600000,1806900000,2211200000,2068900000,3556200000,4097600000,2208100000,AEP,Servicios Publicos,2023,48,American Electric Power Co Inc
288,2022-12-31,18082700000,19639500000,1556800000,8347300000,3482700000,1469800000,0,16156800000,0,-1396100000,0,1396100000,20333200000,11600000,3072800000,164300000,2312600000,5400000,1396100000,2304200000,2206100000,3482700000,3873000000,2307200000,AEP,Servicios Publicos,2022,48,American Electric Power Co Inc
289,2021-12-31,15391300000,16792000000,1400700000,6588100000,3411300000,1407600000,0,13380700000,0,-1199100000,0,1199100000,17116000000,41400000,2717100000,6700000,2603600000,115500000,1199100000,2484700000,2758000000,3411300000,3809400000,2488100000,AEP,Servicios Publicos,2021,48,American Electric Power Co Inc
290,2020-12-31,13621000000,14918500000,1297500000,5380100000,2987700000,1295500000,0,11930800000,0,-1165700000,0,1165700000,15035400000,57000000,2487500000,18600000,2240600000,40500000,1165700000,2193800000,2262700000,2987700000,3424900000,2200100000,AEP,Servicios Publicos,2020,48,American Electric Power Co Inc
291,2019-12-31,14347400000,15561400000,1214000000,6320000000,2592300000,1234500000,0,12969100000,0,-1072500000,904100000,1072500000,15686400000,26600000,2203700000,-3000000,1908200000,-12900000,1072500000,1916800000,1893800000,2592300000,2977700000,1921100000,AEP,Servicios Publicos,2019,48,American Electric Power Co Inc
292,2018-12-31,14897900000,16195700000,1297800000,7033900000,2682700000,1387700000,0,13513000000,11600000,-984400000,11600000,984400000,16487000000,18200000,1965000000,-59100000,2039100000,115300000,984400000,1931300000,1900100000,2682700000,2964400000,1923800000,AEP,Servicios Publicos,2018,48,American Electric Power Co Inc
293,2023-12-31,15968000000,21727000000,5759000000,3506000000,4023000000,1532000000,0,2168000000,0,-1960000000,0,1960000000,0,408000000,2778000000,721000000,2702000000,374000000,1960000000,2328000000,2240000000,4023000000,5383000000,2328000000,EXC,Servicios Publicos,2023,49,Exelon Corporation
294,2022-12-31,13552000000,19078000000,5526000000,3325000000,3315000000,1507000000,0,15761000000,0,-1662000000,0,1662000000,0,535000000,2690000000,602000000,2519000000,349000000,1662000000,2054000000,2259000000,3315000000,4783000000,2170000000,EXC,Servicios Publicos,2022,49,Exelon Corporation
295,2021-12-31,25663000000,17938000000,10684000000,6036000000,2682000000,1999000000,0,15256000000,0,-1776000000,0,1776000000,0,261000000,5384000000,1583000000,1744000000,38000000,1776000000,1838000000,2356000000,2682000000,5103000000,1706000000,EXC,Servicios Publicos,2021,49,Exelon Corporation
296,2020-12-31,23300000000,16663000000,9739000000,5145000000,2191000000,1949000000,0,14485000000,0,-1610000000,0,1610000000,0,208000000,4364000000,1554000000,1956000000,-7000000,1610000000,1960000000,1757000000,2191000000,5120000000,1963000000,EXC,Servicios Publicos,2020,49,Exelon Corporation
297,2019-12-31,26014000000,34438000000,8424000000,4252000000,4374000000,1964000000,0,30096000000,0,-1591000000,1616000000,1591000000,0,1227000000,3665000000,1516000000,3802000000,774000000,1591000000,3211000000,2737000000,4374000000,6909000000,3028000000,EXC,Servicios Publicos,2019,49,Exelon Corporation
298,2018-12-31,9923000000,35978000000,26062000000,16694000000,3891000000,2908000000,0,32143000000,43000000,-1529000000,1554000000,1529000000,-62000000,-112000000,3740000000,5914000000,2202000000,118000000,1529000000,2112000000,2046000000,3891000000,9645000000,2084000000,EXC,Servicios Publicos,2018,49,Exelon Corporation
299,2023-09-30,169148000000,379352000000,239069000000,214137000000,114301000000,24932000000,29915000000,54847000000,3750000000,-3933000000,3750000000,3933000000,383285000000,-382000000,8500000000,11519000000,113736000000,16741000000,3933000000,96995000000,96652000000,117669000000,125820000000,96995000000,AAPL,Tecnologia de la Informacion,2023,50,Apple Inc
300,2022-09-30,170782000000,391397000000,248640000000,223546000000,119437000000,25094000000,26251000000,51345000000,2825000000,-2931000000,106000000,2931000000,394328000000,-228000000,8700000000,11104000000,119103000000,19300000000,2931000000,99803000000,88531000000,122034000000,130541000000,99803000000,AAPL,Tecnologia de la Informacion,2022,50,Apple Inc
301,2021-09-30,152836000000,363172000000,234954000000,212981000000,108949000000,21973000000,21914000000,43887000000,2843000000,-2645000000,2843000000,2645000000,365817000000,60000000,9500000000,11284000000,109207000000,14527000000,2645000000,94680000000,95249000000,111852000000,120233000000,94680000000,AAPL,Tecnologia de la Informacion,2021,50,Apple Inc
302,2020-09-30,104956000000,271642000000,189475000000,169559000000,66288000000,19916000000,18752000000,38668000000,3763000000,-2873000000,3763000000,2873000000,274515000000,-87000000,9700000000,11056000000,67091000000,9680000000,2873000000,57411000000,57453000000,69964000000,77344000000,57411000000,AAPL,Tecnologia de la Informacion,2020,50,Apple Inc
303,2019-09-30,98392000000,256598000000,180027000000,161782000000,63930000000,18245000000,16217000000,34462000000,4961000000,-3576000000,4961000000,3576000000,260174000000,422000000,11300000000,11300000000,65737000000,10481000000,3576000000,55256000000,58037000000,69313000000,76477000000,55256000000,AAPL,Tecnologia de la Informacion,2019,50,Apple Inc
304,2018-09-30,101839000000,265595000000,163756000000,163756000000,70898000000,16705000000,14236000000,30941000000,5686000000,-3240000000,5686000000,3240000000,265595000000,-441000000,9300000000,9300000000,72903000000,13372000000,3240000000,59531000000,56505000000,76143000000,81801000000,59531000000,AAPL,Tecnologia de la Informacion,2018,50,Apple Inc
305,2023-06-30,146052000000,209747000000,100049000000,65863000000,88523000000,30334000000,27195000000,61381000000,2994000000,-1968000000,1041000000,1968000000,211715000000,-223000000,11000000000,3852000000,89311000000,16950000000,1968000000,72361000000,70696000000,91279000000,95131000000,72361000000,MSFT,Tecnologia de la Informacion,2023,51,Microsoft Corporation
306,2022-06-30,135620000000,196109000000,93355000000,62650000000,83383000000,27725000000,24512000000,55217000000,2094000000,-2063000000,2094000000,2063000000,198172000000,-32000000,12600000000,2980000000,83716000000,10978000000,2063000000,72738000000,66238000000,85779000000,88759000000,72738000000,MSFT,Tecnologia de la Informacion,2022,51,Microsoft Corporation
307,2021-06-30,115856000000,165936000000,79977000000,52232000000,69916000000,25224000000,20716000000,48461000000,2131000000,-2346000000,2131000000,2346000000,168282000000,98000000,9300000000,2521000000,71102000000,9831000000,2346000000,61271000000,59897000000,73448000000,75969000000,61271000000,MSFT,Tecnologia de la Informacion,2021,51,Microsoft Corporation
308,2020-06-30,96937000000,140503000000,73159000000,46078000000,52959000000,24709000000,19269000000,46350000000,2680000000,-2591000000,2680000000,2591000000,143094000000,-40000000,10700000000,2211000000,53036000000,8755000000,2591000000,44281000000,47807000000,55627000000,57838000000,44281000000,MSFT,Tecnologia de la Informacion,2020,51,Microsoft Corporation
309,2019-06-30,82933000000,123495000000,67908000000,42910000000,42959000000,23098000000,16876000000,41874000000,2762000000,-2686000000,812000000,2686000000,126181000000,-57000000,9700000000,1900000000,43688000000,4448000000,2686000000,39240000000,41154000000,46374000000,48274000000,39240000000,MSFT,Tecnologia de la Informacion,2019,51,Microsoft Corporation
310,2018-06-30,72007000000,107222000000,62776000000,38353000000,35058000000,22223000000,14726000000,39149000000,2214000000,-2733000000,1522000000,2733000000,109955000000,-59000000,7700000000,2200000000,36474000000,19903000000,2733000000,16571000000,13715000000,39207000000,41407000000,16571000000,MSFT,Tecnologia de la Informacion,2018,51,Microsoft Corporation
311,2023-01-29,15356000000,26974000000,11618000000,1040000000,4224000000,2440000000,7339000000,11132000000,267000000,-262000000,267000000,262000000,0,-48000000,844000000,699000000,4181000000,-187000000,262000000,4368000000,4336000000,4443000000,5142000000,4368000000,NVDA,Tecnologia de la Informacion,2023,52,NVIDIA Corporation
312,2022-01-30,17475000000,26914000000,9439000000,173000000,10041000000,2166000000,5268000000,7434000000,29000000,-236000000,29000000,236000000,26914000000,107000000,611000000,563000000,9941000000,189000000,236000000,9752000000,9722000000,10177000000,10740000000,9752000000,NVDA,Tecnologia de la Informacion,2022,52,NVIDIA Corporation
313,2021-01-31,10396000000,16675000000,6279000000,6279000000,4532000000,1940000000,3924000000,5864000000,57000000,-184000000,57000000,184000000,16675000000,4000000,486000000,1098000000,4409000000,77000000,184000000,4332000000,4350000000,4593000000,5691000000,4332000000,NVDA,Tecnologia de la Informacion,2021,52,NVIDIA Corporation
314,2020-01-26,6768000000,10918000000,4150000000,4150000000,2846000000,1093000000,2829000000,3922000000,178000000,-52000000,178000000,52000000,10918000000,-2000000,355000000,381000000,2970000000,174000000,52000000,2796000000,2809000000,3022000000,3403000000,2796000000,NVDA,Tecnologia de la Informacion,2020,52,NVIDIA Corporation
315,2019-01-27,7171000000,11658000000,5798000000,4545000000,3804000000,991000000,2376000000,3367000000,136000000,-58000000,136000000,58000000,11716000000,14000000,233000000,262000000,3896000000,-245000000,58000000,4141000000,4147000000,3954000000,4216000000,4141000000,NVDA,Tecnologia de la Informacion,2019,52,NVIDIA Corporation
316,2018-01-28,5822000000,9714000000,3892000000,3892000000,3210000000,815000000,1797000000,2612000000,69000000,-61000000,69000000,61000000,-19000000,-22000000,144000000,199000000,3196000000,149000000,80000000,3047000000,3045000000,3257000000,3456000000,3047000000,NVDA,Tecnologia de la Informacion,2018,52,NVIDIA Corporation
317,2023-12-31,172227000000,305559000000,133332000000,133332000000,84293000000,44342000000,45427000000,93702000000,0,-308000000,3414000000,308000000,305867000000,299000000,11946000000,11946000000,85717000000,11922000000,308000000,73795000000,76996000000,86025000000,97971000000,73795000000,GOOGL,Tecnologia de la Informacion,2023,53,Alphabet Inc Class A
318,2022-12-31,155076000000,281279000000,126203000000,126203000000,74842000000,42291000000,39500000000,81791000000,0,-357000000,2174000000,357000000,281636000000,381000000,13475000000,13475000000,71328000000,11356000000,357000000,59972000000,53992000000,71685000000,91333000000,59972000000,GOOGL,Tecnologia de la Informacion,2022,53,Alphabet Inc Class A
319,2021-12-31,146698000000,257637000000,110939000000,110939000000,78714000000,36422000000,31562000000,67984000000,0,-346000000,1499000000,346000000,1087000000,411000000,0,12441000000,90734000000,14701000000,346000000,76033000000,73777000000,91080000000,103521000000,76033000000,GOOGL,Tecnologia de la Informacion,2021,53,Alphabet Inc Class A
320,2020-12-31,97795000000,182527000000,84732000000,84732000000,41224000000,28998000000,27573000000,56571000000,0,-135000000,1865000000,135000000,994000000,-637000000,0,13697000000,48082000000,7813000000,135000000,40269000000,42134000000,48217000000,61914000000,40269000000,GOOGL,Tecnologia de la Informacion,2020,53,Alphabet Inc Class A
321,2019-12-31,89961000000,161857000000,71896000000,71896000000,34231000000,28015000000,26018000000,54033000000,0,-100000000,2427000000,100000000,162263000000,102000000,0,171860,39625000000,5282000000,100000000,34343000000,35447000000,39725000000,49406000000,34343000000,GOOGL,Tecnologia de la Informacion,2019,53,Alphabet Inc Class A
322,2018-12-31,77270000000,136819000000,59549000000,59549000000,27524000000,24459000000,21419000000,45878000000,0,-114000000,1878000000,114000000,139387000000,378000000,0,161141,34913000000,4177000000,114000000,30736000000,29520000000,35027000000,45498000000,30736000000,GOOGL,Tecnologia de la Informacion,2018,53,Alphabet Inc Class A
323,2023-12-31,108131000000,134090000000,25959000000,25959000000,46751000000,23709000000,38483000000,65134000000,1639000000,-446000000,1639000000,446000000,134536000000,-150000000,11020000000,510000000,47428000000,8330000000,446000000,39098000000,40473000000,47874000000,48384000000,39098000000,META,Tecnologia de la Informacion,2023,54,Meta Platforms Inc.
324,2022-12-31,91103000000,116352000000,25249000000,25249000000,28944000000,27078000000,35338000000,62981000000,461000000,-176000000,9000000,185000000,116528000000,-320000000,8500000000,565000000,28819000000,5619000000,176000000,23200000000,20363000000,28944000000,29560000000,23200000000,META,Tecnologia de la Informacion,2022,54,Meta Platforms Inc.
325,2021-12-31,95125000000,117774000000,22649000000,22649000000,46753000000,23872000000,24655000000,49278000000,0,-15000000,484000000,15000000,117789000000,210000000,7560000000,751000000,47284000000,7914000000,15000000,39370000000,37750000000,46753000000,48050000000,39370000000,META,Tecnologia de la Informacion,2021,54,Meta Platforms Inc.
326,2020-12-31,69130000000,85822000000,16692000000,16692000000,32671000000,18155000000,18447000000,37334000000,0,-14000000,672000000,14000000,85836000000,-34000000,6390000000,732000000,33180000000,4034000000,14000000,29146000000,30562000000,32671000000,33926000000,29146000000,META,Tecnologia de la Informacion,2020,54,Meta Platforms Inc.
327,2019-12-31,57802000000,70572000000,12770000000,12770000000,23986000000,20341000000,13600000000,34698000000,924000000,-20000000,924000000,20000000,70592000000,27000000,5180000000,757000000,24812000000,6327000000,20000000,18485000000,18756000000,24832000000,25589000000,18485000000,META,Tecnologia de la Informacion,2019,54,Meta Platforms Inc.
328,2018-12-31,46261000000,55616000000,9355000000,9355000000,24913000000,11297000000,10273000000,22287000000,661000000,-9000000,661000000,9000000,55625000000,9000000,3680000000,640000000,25361000000,3249000000,9000000,22112000000,21610000000,25370000000,26010000000,22112000000,META,Tecnologia de la Informacion,2018,54,Meta Platforms Inc.
